{"1352": [{"issued_share_num": 83790000.0, "treasury_stock_num": null, "ex_net_sales": 50000000000.0, "ex_operating_income": 410000000.0, "ex_ordinary_income": 450000000.0, "ex_net_income": 260000000.0, "ex_dividend": 2.0, "dividend": null, "fiscal_year": 2013.0, "fiscal_quarter": 1.0, "tdnet_title": "\u301013520\u3011\u682a\u5f0f\u4f1a\u793e\u30db\u30a6\u30b9\u30a4 \u5e73\u621026\u5e743\u6708\u671f \u7b2c1\u56db\u534a\u671f\u6c7a\u7b97\u77ed\u4fe1[\u65e5\u672c\u57fa\u6e96](\u9023\u7d50)", "tdnet_updated_date": "2013-07-30T16:00:00.000Z", "company_name": null, "ceo_name": null, "headquarters_address": null, "accounting_standard": null, "employee_num": null, "assets": 21219000000.0, "current_assets": 9216000000.0, "cash_and_deposits": 588000000.0, "notes_accounts_receivable": 5040000000.0, "notes_receivable": null, "accounts_receivable": null, "inventories": null, "merchandise": 2171000000.0, "work_in_process": null, "raw_materials_and_supplies": 20000000.0, "non_current_assets": 12003000000.0, "tangible_fixed_assets": 10557000000.0, "liabilities": 15650000000.0, "current_liabilities": 9161000000.0, "notes_accounts_payable": 5217000000.0, "accounts_payable": null, "notes_payable": null, "short_term_bonds_payable": null, "short_term_loans_payable": 1100000000.0, "commercial_papers_liabilities": null, "current_lease_obligations": 95000000.0, "current_portion_of_long_term_loans": 113000000.0, "current_portion_of_bonds": null, "current_portion_of_convertible_bonds": null, "current_portion_of_bonds_with_subscription_rights": null, "non_current_liabilities": 6489000000.0, "bonds_payable": null, "convertible_bonds": null, "convertible_bond_type_bonds_with_subscription_rights": null, "non_current_bonds_with_subscription_right": null, "long_term_loans_payable": 3116000000.0, "non_current_lease_obligations": 188000000.0, "net_assets": 5568000000.0, "shareholders_equity": 5248000000.0, "capital_stock": 2485000000.0, "retained_earnings": 1544000000.0, "treasury_stock": -1000000.0, "valuation_and_translation_adjustments": 19000000.0, "non_controlling_interests": 299000000.0, "subscription_rights": null, "net_sales": 11691000000.0, "cost_of_sales": 10633000000.0, "gross_profit": 1058000000.0, "sga": 950000000.0, "operating_income": 108000000.0, "non_operating_income": 37000000.0, "non_operating_expenses": 21000000.0, "interest_expense": 20000000.0, "ordinary_income": 124000000.0, "extraordinary_income": 63000000.0, "extraordinary_loss": null, "impairment_loss": null, "income_before_income_taxes": 188000000.0, "income_taxes": 94000000.0, "net_income": 80000000.0, "operating_cash_flow": null, "investment_cash_flow": null, "financial_cash_flow": null, "depreciation": null, "amortization": null, "edinet_title": "\u3010E00017\u3011\u682a\u5f0f\u4f1a\u793e\u30db\u30a6\u30b9\u30a4 \u56db\u534a\u671f\u5831\u544a\u66f8 \u2010 \u7b2c79\u671f \u7b2c1\u56db\u534a\u671f\uff08\u5e73\u621025\u5e744\u67081\u65e5 \u2010 \u5e73\u621025\u5e746\u670830\u65e5\uff09", "edinet_updated_date": "2013-08-13T00:00:00.000Z", "end_date": "2013-05-11T15:00:00.000Z"}, {"issued_share_num": 83790000.0, "treasury_stock_num": null, "ex_net_sales": 46000000000.0, "ex_operating_income": 490000000.0, "ex_ordinary_income": 540000000.0, "ex_net_income": 250000000.0, "ex_dividend": 2.0, "dividend": null, "fiscal_year": 2012.0, "fiscal_quarter": 2.0, "tdnet_title": "\u301013520\u3011\u682a\u5f0f\u4f1a\u793e\u30db\u30a6\u30b9\u30a4 \u5e73\u621025\u5e743\u6708\u671f \u7b2c\uff12\u56db\u534a\u671f\u6c7a\u7b97\u77ed\u4fe1\u3014\u65e5\u672c\u57fa\u6e96\u3015\uff08\u9023\u7d50\uff09", "tdnet_updated_date": "2012-10-30T16:00:00.000Z", "company_name": null, "ceo_name": null, "headquarters_address": null, "accounting_standard": null, "employee_num": null, "assets": 16703000000.0, "current_assets": 7504000000.0, "cash_and_deposits": 402000000.0, "notes_accounts_receivable": 4197000000.0, "notes_receivable": null, "accounts_receivable": null, "inventories": null, "merchandise": 1586000000.0, "work_in_process": null, "raw_materials_and_supplies": 7000000.0, "non_current_assets": 9198000000.0, "tangible_fixed_assets": 8577000000.0, "liabilities": 11242000000.0, "current_liabilities": 9483000000.0, "notes_accounts_payable": 4265000000.0, "accounts_payable": null, "notes_payable": null, "short_term_bonds_payable": null, "short_term_loans_payable": 2500000000.0, "commercial_papers_liabilities": null, "current_lease_obligations": 71000000.0, "current_portion_of_long_term_loans": 162000000.0, "current_portion_of_bonds": null, "current_portion_of_convertible_bonds": null, "current_portion_of_bonds_with_subscription_rights": null, "non_current_liabilities": 1758000000.0, "bonds_payable": null, "convertible_bonds": null, "convertible_bond_type_bonds_with_subscription_rights": null, "non_current_bonds_with_subscription_right": null, "long_term_loans_payable": 195000000.0, "non_current_lease_obligations": 140000000.0, "net_assets": 5461000000.0, "shareholders_equity": 5203000000.0, "capital_stock": 2485000000.0, "retained_earnings": 1497000000.0, "treasury_stock": -1000000.0, "valuation_and_translation_adjustments": 0.0, "non_controlling_interests": 257000000.0, "subscription_rights": null, "net_sales": 21934000000.0, "cost_of_sales": 20004000000.0, "gross_profit": 1930000000.0, "sga": 1733000000.0, "operating_income": 197000000.0, "non_operating_income": 61000000.0, "non_operating_expenses": 18000000.0, "interest_expense": 18000000.0, "ordinary_income": 240000000.0, "extraordinary_income": null, "extraordinary_loss": 5000000.0, "impairment_loss": null, "income_before_income_taxes": 235000000.0, "income_taxes": 101000000.0, "net_income": 115000000.0, "operating_cash_flow": -591000000.0, "investment_cash_flow": -2038000000.0, "financial_cash_flow": 2769000000.0, "depreciation": 312000000.0, "amortization": null, "edinet_title": "\u3010E00017\u3011\u682a\u5f0f\u4f1a\u793e\u30db\u30a6\u30b9\u30a4 \u56db\u534a\u671f\u5831\u544a\u66f8 \u2010 \u7b2c78\u671f \u7b2c2\u56db\u534a\u671f\uff08\u5e73\u621024\u5e747\u67081\u65e5 \u2010 \u5e73\u621024\u5e749\u670830\u65e5\uff09", "edinet_updated_date": "2012-11-13T00:00:00.000Z", "end_date": "2012-08-11T15:00:00.000Z"}, {"issued_share_num": 83790000.0, "treasury_stock_num": null, "ex_net_sales": 50000000000.0, "ex_operating_income": 410000000.0, "ex_ordinary_income": 450000000.0, "ex_net_income": 260000000.0, "ex_dividend": 2.0, "dividend": null, "fiscal_year": 2013.0, "fiscal_quarter": 2.0, "tdnet_title": "\u301013520\u3011\u682a\u5f0f\u4f1a\u793e\u30db\u30a6\u30b9\u30a4 \u5e73\u621026\u5e743\u6708\u671f \u7b2c2\u56db\u534a\u671f\u6c7a\u7b97\u77ed\u4fe1[\u65e5\u672c\u57fa\u6e96](\u9023\u7d50)", "tdnet_updated_date": "2013-10-30T16:00:00.000Z", "company_name": null, "ceo_name": null, "headquarters_address": null, "accounting_standard": null, "employee_num": null, "assets": 22021000000.0, "current_assets": 8282000000.0, "cash_and_deposits": 1280000000.0, "notes_accounts_receivable": 3946000000.0, "notes_receivable": null, "accounts_receivable": null, "inventories": null, "merchandise": 1958000000.0, "work_in_process": null, "raw_materials_and_supplies": 17000000.0, "non_current_assets": 13738000000.0, "tangible_fixed_assets": 12241000000.0, "liabilities": 16390000000.0, "current_liabilities": 8144000000.0, "notes_accounts_payable": 4090000000.0, "accounts_payable": null, "notes_payable": null, "short_term_bonds_payable": null, "short_term_loans_payable": 1400000000.0, "commercial_papers_liabilities": null, "current_lease_obligations": 97000000.0, "current_portion_of_long_term_loans": 88000000.0, "current_portion_of_bonds": null, "current_portion_of_convertible_bonds": null, "current_portion_of_bonds_with_subscription_rights": null, "non_current_liabilities": 8246000000.0, "bonds_payable": null, "convertible_bonds": null, "convertible_bond_type_bonds_with_subscription_rights": null, "non_current_bonds_with_subscription_right": null, "long_term_loans_payable": 4106000000.0, "non_current_lease_obligations": 199000000.0, "net_assets": 5630000000.0, "shareholders_equity": 5297000000.0, "capital_stock": 2485000000.0, "retained_earnings": 1593000000.0, "treasury_stock": -1000000.0, "valuation_and_translation_adjustments": 19000000.0, "non_controlling_interests": 313000000.0, "subscription_rights": null, "net_sales": 24119000000.0, "cost_of_sales": 21965000000.0, "gross_profit": 2154000000.0, "sga": 1951000000.0, "operating_income": 202000000.0, "non_operating_income": 87000000.0, "non_operating_expenses": 46000000.0, "interest_expense": 44000000.0, "ordinary_income": 244000000.0, "extraordinary_income": 63000000.0, "extraordinary_loss": 1000000.0, "impairment_loss": null, "income_before_income_taxes": 305000000.0, "income_taxes": 149000000.0, "net_income": 129000000.0, "operating_cash_flow": -219000000.0, "investment_cash_flow": -3843000000.0, "financial_cash_flow": 4628000000.0, "depreciation": 313000000.0, "amortization": 32000000.0, "edinet_title": "\u3010E00017\u3011\u682a\u5f0f\u4f1a\u793e\u30db\u30a6\u30b9\u30a4 \u56db\u534a\u671f\u5831\u544a\u66f8\uff0d\u7b2c79\u671f\u7b2c2\u56db\u534a\u671f(\u5e73\u621025\u5e747\u67081\u65e5\uff0d\u5e73\u621025\u5e749\u670830\u65e5)", "edinet_updated_date": "2013-11-13T00:00:00.000Z", "end_date": "2013-08-11T15:00:00.000Z"}, {"issued_share_num": 83790000.0, "treasury_stock_num": null, "ex_net_sales": 46000000000.0, "ex_operating_income": 490000000.0, "ex_ordinary_income": 540000000.0, "ex_net_income": 250000000.0, "ex_dividend": 2.0, "dividend": null, "fiscal_year": 2012.0, "fiscal_quarter": 3.0, "tdnet_title": "\u301013520\u3011\u682a\u5f0f\u4f1a\u793e\u30db\u30a6\u30b9\u30a4 \u5e73\u621025\u5e743\u6708\u671f \u7b2c3\u56db\u534a\u671f\u6c7a\u7b97\u77ed\u4fe1 [\u65e5\u672c\u57fa\u6e96] \uff08\u9023\u7d50\uff09", "tdnet_updated_date": "2013-01-31T16:00:00.000Z", "company_name": null, "ceo_name": null, "headquarters_address": null, "accounting_standard": null, "employee_num": null, "assets": 18227000000.0, "current_assets": 9077000000.0, "cash_and_deposits": 443000000.0, "notes_accounts_receivable": 5908000000.0, "notes_receivable": null, "accounts_receivable": null, "inventories": null, "merchandise": 1547000000.0, "work_in_process": null, "raw_materials_and_supplies": 7000000.0, "non_current_assets": 9149000000.0, "tangible_fixed_assets": 8530000000.0, "liabilities": 12625000000.0, "current_liabilities": 8912000000.0, "notes_accounts_payable": 5687000000.0, "accounts_payable": null, "notes_payable": null, "short_term_bonds_payable": null, "short_term_loans_payable": 800000000.0, "commercial_papers_liabilities": null, "current_lease_obligations": 74000000.0, "current_portion_of_long_term_loans": 150000000.0, "current_portion_of_bonds": null, "current_portion_of_convertible_bonds": null, "current_portion_of_bonds_with_subscription_rights": null, "non_current_liabilities": 3712000000.0, "bonds_payable": null, "convertible_bonds": null, "convertible_bond_type_bonds_with_subscription_rights": null, "non_current_bonds_with_subscription_right": null, "long_term_loans_payable": 2160000000.0, "non_current_lease_obligations": 147000000.0, "net_assets": 5601000000.0, "shareholders_equity": 5317000000.0, "capital_stock": 2485000000.0, "retained_earnings": 1611000000.0, "treasury_stock": -1000000.0, "valuation_and_translation_adjustments": 8000000.0, "non_controlling_interests": 276000000.0, "subscription_rights": null, "net_sales": 34275000000.0, "cost_of_sales": 31221000000.0, "gross_profit": 3053000000.0, "sga": 2625000000.0, "operating_income": 427000000.0, "non_operating_income": 92000000.0, "non_operating_expenses": 49000000.0, "interest_expense": 29000000.0, "ordinary_income": 470000000.0, "extraordinary_income": null, "extraordinary_loss": 5000000.0, "impairment_loss": null, "income_before_income_taxes": 465000000.0, "income_taxes": 198000000.0, "net_income": 229000000.0, "operating_cash_flow": null, "investment_cash_flow": null, "financial_cash_flow": null, "depreciation": null, "amortization": null, "edinet_title": "\u3010E00017\u3011\u682a\u5f0f\u4f1a\u793e\u30db\u30a6\u30b9\u30a4 \u56db\u534a\u671f\u5831\u544a\u66f8 \u2010 \u7b2c78\u671f \u7b2c3\u56db\u534a\u671f\uff08\u5e73\u621024\u5e7410\u67081\u65e5 \u2010 \u5e73\u621024\u5e7412\u670831\u65e5\uff09", "edinet_updated_date": "2013-02-12T00:00:00.000Z", "end_date": "2012-11-10T15:00:00.000Z"}, {"issued_share_num": 83790000.0, "treasury_stock_num": null, "ex_net_sales": 50000000000.0, "ex_operating_income": 410000000.0, "ex_ordinary_income": 450000000.0, "ex_net_income": 260000000.0, "ex_dividend": 2.0, "dividend": null, "fiscal_year": 2013.0, "fiscal_quarter": 3.0, "tdnet_title": "\u301013520\u3011\u682a\u5f0f\u4f1a\u793e\u30db\u30a6\u30b9\u30a4 \u5e73\u621026\u5e743\u6708\u671f \u7b2c3\u56db\u534a\u671f\u6c7a\u7b97\u77ed\u4fe1[\u65e5\u672c\u57fa\u6e96](\u9023\u7d50)", "tdnet_updated_date": "2014-01-30T16:00:00.000Z", "company_name": null, "ceo_name": null, "headquarters_address": null, "accounting_standard": null, "employee_num": null, "assets": 25335000000.0, "current_assets": 11235000000.0, "cash_and_deposits": 823000000.0, "notes_accounts_receivable": 6731000000.0, "notes_receivable": null, "accounts_receivable": null, "inventories": null, "merchandise": 2003000000.0, "work_in_process": null, "raw_materials_and_supplies": 28000000.0, "non_current_assets": 14099000000.0, "tangible_fixed_assets": 12605000000.0, "liabilities": 19557000000.0, "current_liabilities": 11325000000.0, "notes_accounts_payable": 6664000000.0, "accounts_payable": null, "notes_payable": null, "short_term_bonds_payable": null, "short_term_loans_payable": 1700000000.0, "commercial_papers_liabilities": null, "current_lease_obligations": 111000000.0, "current_portion_of_long_term_loans": 63000000.0, "current_portion_of_bonds": null, "current_portion_of_convertible_bonds": null, "current_portion_of_bonds_with_subscription_rights": null, "non_current_liabilities": 8232000000.0, "bonds_payable": null, "convertible_bonds": null, "convertible_bond_type_bonds_with_subscription_rights": null, "non_current_bonds_with_subscription_right": null, "long_term_loans_payable": 4097000000.0, "non_current_lease_obligations": 242000000.0, "net_assets": 5778000000.0, "shareholders_equity": 5415000000.0, "capital_stock": 2485000000.0, "retained_earnings": 1711000000.0, "treasury_stock": -1000000.0, "valuation_and_translation_adjustments": 33000000.0, "non_controlling_interests": 329000000.0, "subscription_rights": null, "net_sales": 38173000000.0, "cost_of_sales": 34767000000.0, "gross_profit": 3405000000.0, "sga": 3014000000.0, "operating_income": 390000000.0, "non_operating_income": 147000000.0, "non_operating_expenses": 76000000.0, "interest_expense": 75000000.0, "ordinary_income": 461000000.0, "extraordinary_income": 63000000.0, "extraordinary_loss": 1000000.0, "impairment_loss": null, "income_before_income_taxes": 522000000.0, "income_taxes": 232000000.0, "net_income": 247000000.0, "operating_cash_flow": null, "investment_cash_flow": null, "financial_cash_flow": null, "depreciation": null, "amortization": null, "edinet_title": "\u3010E00017\u3011\u682a\u5f0f\u4f1a\u793e\u30db\u30a6\u30b9\u30a4 \u56db\u534a\u671f\u5831\u544a\u66f8\uff0d\u7b2c79\u671f\u7b2c3\u56db\u534a\u671f(\u5e73\u621025\u5e7410\u67081\u65e5\uff0d\u5e73\u621025\u5e7412\u670831\u65e5)", "edinet_updated_date": "2014-02-13T00:00:00.000Z", "end_date": "2013-11-11T15:00:00.000Z"}, {"issued_share_num": 83790000.0, "treasury_stock_num": null, "ex_net_sales": 43000000000.0, "ex_operating_income": 400000000.0, "ex_ordinary_income": 490000000.0, "ex_net_income": 200000000.0, "ex_dividend": 2.0, "dividend": null, "fiscal_year": 2011.0, "fiscal_quarter": 3.0, "tdnet_title": "\u301013520\u3011\u682a\u5f0f\u4f1a\u793e\u30db\u30a6\u30b9\u30a4 \u5e73\u621024\u5e743\u6708\u671f \u7b2c3\u56db\u534a\u671f\u6c7a\u7b97\u77ed\u4fe1[\u65e5\u672c\u57fa\u6e96]\uff08\u9023\u7d50)", "tdnet_updated_date": "2012-01-31T16:00:00.000Z", "company_name": null, "ceo_name": null, "headquarters_address": null, "accounting_standard": null, "employee_num": null, "assets": 16064000000.0, "current_assets": 8702000000.0, "cash_and_deposits": 297000000.0, "notes_accounts_receivable": 5845000000.0, "notes_receivable": null, "accounts_receivable": null, "inventories": null, "merchandise": 1175000000.0, "work_in_process": null, "raw_materials_and_supplies": 6000000.0, "non_current_assets": 7361000000.0, "tangible_fixed_assets": 6857000000.0, "liabilities": 10587000000.0, "current_liabilities": 8562000000.0, "notes_accounts_payable": 6013000000.0, "accounts_payable": null, "notes_payable": null, "short_term_bonds_payable": null, "short_term_loans_payable": null, "commercial_papers_liabilities": null, "current_lease_obligations": 58000000.0, "current_portion_of_long_term_loans": 247000000.0, "current_portion_of_bonds": null, "current_portion_of_convertible_bonds": null, "current_portion_of_bonds_with_subscription_rights": null, "non_current_liabilities": 2024000000.0, "bonds_payable": null, "convertible_bonds": null, "convertible_bond_type_bonds_with_subscription_rights": null, "non_current_bonds_with_subscription_right": null, "long_term_loans_payable": 311000000.0, "non_current_lease_obligations": 131000000.0, "net_assets": 5476000000.0, "shareholders_equity": 5244000000.0, "capital_stock": 2485000000.0, "retained_earnings": 1538000000.0, "treasury_stock": -1000000.0, "valuation_and_translation_adjustments": 0.0, "non_controlling_interests": 232000000.0, "subscription_rights": null, "net_sales": 33274000000.0, "cost_of_sales": 30515000000.0, "gross_profit": 2758000000.0, "sga": 2361000000.0, "operating_income": 396000000.0, "non_operating_income": 87000000.0, "non_operating_expenses": 22000000.0, "interest_expense": 20000000.0, "ordinary_income": 461000000.0, "extraordinary_income": null, "extraordinary_loss": 1000000.0, "impairment_loss": null, "income_before_income_taxes": 459000000.0, "income_taxes": 225000000.0, "net_income": 188000000.0, "operating_cash_flow": null, "investment_cash_flow": null, "financial_cash_flow": null, "depreciation": null, "amortization": null, "edinet_title": "\u3010E00017\u3011\u682a\u5f0f\u4f1a\u793e\u30db\u30a6\u30b9\u30a4 \u56db\u534a\u671f\u5831\u544a\u66f8 \u2010 \u7b2c77\u671f \u7b2c3\u56db\u534a\u671f\uff08\u5e73\u621023\u5e7410\u67081\u65e5 \u2010 \u5e73\u621023\u5e7412\u670831\u65e5\uff09", "edinet_updated_date": "2012-02-13T00:00:00.000Z", "end_date": "2011-11-11T15:00:00.000Z"}, {"issued_share_num": 83790000.0, "treasury_stock_num": 0.0, "ex_net_sales": 64000000000.0, "ex_operating_income": 450000000.0, "ex_ordinary_income": 460000000.0, "ex_net_income": 220000000.0, "ex_dividend": 2.0, "dividend": 2.0, "fiscal_year": 2013.0, "fiscal_quarter": 4.0, "tdnet_title": "\u301013520\u3011\u682a\u5f0f\u4f1a\u793e\u30db\u30a6\u30b9\u30a4 \u5e73\u621026\u5e743\u6708\u671f \u6c7a\u7b97\u77ed\u4fe1[\u65e5\u672c\u57fa\u6e96](\u9023\u7d50)", "tdnet_updated_date": "2014-05-13T16:00:00.000Z", "company_name": "\u682a\u5f0f\u4f1a\u793e\u30db\u30a6\u30b9\u30a4", "ceo_name": "\u4ee3\u8868\u53d6\u7de0\u5f79\u793e\u9577\u3000\u9ad9\u6a4b\u660c\u660e", "headquarters_address": "\u6771\u4eac\u90fd\u4e2d\u592e\u533a\u7bc9\u5730\u4e94\u4e01\u76ee\uff12\u756a\uff11\u53f7", "accounting_standard": "Japan GAAP", "employee_num": 287.0, "assets": 24515000000.0, "current_assets": 8356000000.0, "cash_and_deposits": 1214000000.0, "notes_accounts_receivable": 4127000000.0, "notes_receivable": null, "accounts_receivable": null, "inventories": null, "merchandise": 1877000000.0, "work_in_process": null, "raw_materials_and_supplies": 26000000.0, "non_current_assets": 16158000000.0, "tangible_fixed_assets": 14659000000.0, "liabilities": 18787000000.0, "current_liabilities": 9125000000.0, "notes_accounts_payable": 4326000000.0, "accounts_payable": null, "notes_payable": null, "short_term_bonds_payable": null, "short_term_loans_payable": 2175000000.0, "commercial_papers_liabilities": null, "current_lease_obligations": 115000000.0, "current_portion_of_long_term_loans": 133000000.0, "current_portion_of_bonds": null, "current_portion_of_convertible_bonds": null, "current_portion_of_bonds_with_subscription_rights": null, "non_current_liabilities": 9662000000.0, "bonds_payable": null, "convertible_bonds": null, "convertible_bond_type_bonds_with_subscription_rights": null, "non_current_bonds_with_subscription_right": null, "long_term_loans_payable": 4993000000.0, "non_current_lease_obligations": 252000000.0, "net_assets": 5727000000.0, "shareholders_equity": 5379000000.0, "capital_stock": 2485000000.0, "retained_earnings": 1675000000.0, "treasury_stock": -1000000.0, "valuation_and_translation_adjustments": 26000000.0, "non_controlling_interests": 320000000.0, "subscription_rights": null, "net_sales": 50537000000.0, "cost_of_sales": 46154000000.0, "gross_profit": 4383000000.0, "sga": 4092000000.0, "operating_income": 291000000.0, "non_operating_income": 201000000.0, "non_operating_expenses": 110000000.0, "interest_expense": 106000000.0, "ordinary_income": 381000000.0, "extraordinary_income": 63000000.0, "extraordinary_loss": 19000000.0, "impairment_loss": 17000000.0, "income_before_income_taxes": 425000000.0, "income_taxes": 179000000.0, "net_income": 211000000.0, "operating_cash_flow": 650000000.0, "investment_cash_flow": -6134000000.0, "financial_cash_flow": 6415000000.0, "depreciation": 726000000.0, "amortization": 71000000.0, "edinet_title": "\u3010E00017\u3011\u682a\u5f0f\u4f1a\u793e\u30db\u30a6\u30b9\u30a4 \u6709\u4fa1\u8a3c\u5238\u5831\u544a\u66f8\uff0d\u7b2c79\u671f(\u5e73\u621025\u5e744\u67081\u65e5\uff0d\u5e73\u621026\u5e743\u670831\u65e5)", "edinet_updated_date": "2014-06-25T00:00:00.000Z", "end_date": "2014-03-31T00:00:00.000Z"}, {"issued_share_num": 83790000.0, "treasury_stock_num": null, "ex_net_sales": 50000000000.0, "ex_operating_income": 410000000.0, "ex_ordinary_income": 450000000.0, "ex_net_income": 200000000.0, "ex_dividend": 2.0, "dividend": null, "fiscal_year": 2012.0, "fiscal_quarter": 4.0, "tdnet_title": "\u301013520\u3011\u682a\u5f0f\u4f1a\u793e\u30db\u30a6\u30b9\u30a4 \u5e73\u621025\u5e743\u6708\u671f \u6c7a\u7b97\u77ed\u4fe1[\u65e5\u672c\u57fa\u6e96]\u3008\u9023\u7d50\u3009", "tdnet_updated_date": "2013-05-14T16:00:00.000Z", "company_name": null, "ceo_name": null, "headquarters_address": null, "accounting_standard": null, "employee_num": null, "assets": 17146000000.0, "current_assets": 7068000000.0, "cash_and_deposits": 382000000.0, "notes_accounts_receivable": 4026000000.0, "notes_receivable": null, "accounts_receivable": null, "inventories": null, "merchandise": 1493000000.0, "work_in_process": null, "raw_materials_and_supplies": 6000000.0, "non_current_assets": 10078000000.0, "tangible_fixed_assets": 9454000000.0, "liabilities": 11503000000.0, "current_liabilities": 6846000000.0, "notes_accounts_payable": 4190000000.0, "accounts_payable": null, "notes_payable": null, "short_term_bonds_payable": null, "short_term_loans_payable": 600000000.0, "commercial_papers_liabilities": null, "current_lease_obligations": 74000000.0, "current_portion_of_long_term_loans": 138000000.0, "current_portion_of_bonds": null, "current_portion_of_convertible_bonds": null, "current_portion_of_bonds_with_subscription_rights": null, "non_current_liabilities": 4657000000.0, "bonds_payable": null, "convertible_bonds": null, "convertible_bond_type_bonds_with_subscription_rights": null, "non_current_bonds_with_subscription_right": null, "long_term_loans_payable": 3126000000.0, "non_current_lease_obligations": 141000000.0, "net_assets": 5642000000.0, "shareholders_equity": 5336000000.0, "capital_stock": 2485000000.0, "retained_earnings": 1630000000.0, "treasury_stock": -1000000.0, "valuation_and_translation_adjustments": 15000000.0, "non_controlling_interests": 290000000.0, "subscription_rights": null, "net_sales": 44451000000.0, "cost_of_sales": 40527000000.0, "gross_profit": 3923000000.0, "sga": 3473000000.0, "operating_income": 449000000.0, "non_operating_income": 173000000.0, "non_operating_expenses": 106000000.0, "interest_expense": 44000000.0, "ordinary_income": 516000000.0, "extraordinary_income": null, "extraordinary_loss": 5000000.0, "impairment_loss": null, "income_before_income_taxes": 510000000.0, "income_taxes": 210000000.0, "net_income": 248000000.0, "operating_cash_flow": 60000000.0, "investment_cash_flow": -3466000000.0, "financial_cash_flow": 3087000000.0, "depreciation": 636000000.0, "amortization": null, "edinet_title": "\u3010E00017\u3011\u682a\u5f0f\u4f1a\u793e\u30db\u30a6\u30b9\u30a4 \u6709\u4fa1\u8a3c\u5238\u5831\u544a\u66f8 \u2010 \u7b2c78\u671f\uff08\u5e73\u621024\u5e744\u67081\u65e5 \u2010 \u5e73\u621025\u5e743\u670831\u65e5\uff09", "edinet_updated_date": "2013-06-25T00:00:00.000Z", "end_date": "2013-03-23T15:00:00.000Z"}, {"issued_share_num": 83790000.0, "treasury_stock_num": null, "ex_net_sales": 46000000000.0, "ex_operating_income": 490000000.0, "ex_ordinary_income": 540000000.0, "ex_net_income": 250000000.0, "ex_dividend": 2.0, "dividend": null, "fiscal_year": 2011.0, "fiscal_quarter": 4.0, "tdnet_title": "\u301013520\u3011\u682a\u5f0f\u4f1a\u793e\u30db\u30a6\u30b9\u30a4 \u5e73\u621024\u5e743\u6708\u671f \u6c7a\u7b97\u77ed\u4fe1[\u65e5\u672c\u57fa\u6e96](\u9023\u7d50)", "tdnet_updated_date": "2012-05-14T16:00:00.000Z", "company_name": null, "ceo_name": null, "headquarters_address": null, "accounting_standard": null, "employee_num": null, "assets": 14271000000.0, "current_assets": 6898000000.0, "cash_and_deposits": 219000000.0, "notes_accounts_receivable": 4098000000.0, "notes_receivable": null, "accounts_receivable": null, "inventories": null, "merchandise": 1170000000.0, "work_in_process": null, "raw_materials_and_supplies": 3000000.0, "non_current_assets": 7373000000.0, "tangible_fixed_assets": 6751000000.0, "liabilities": 8771000000.0, "current_liabilities": 6877000000.0, "notes_accounts_payable": 4668000000.0, "accounts_payable": null, "notes_payable": null, "short_term_bonds_payable": null, "short_term_loans_payable": null, "commercial_papers_liabilities": null, "current_lease_obligations": 61000000.0, "current_portion_of_long_term_loans": 222000000.0, "current_portion_of_bonds": null, "current_portion_of_convertible_bonds": null, "current_portion_of_bonds_with_subscription_rights": null, "non_current_liabilities": 1893000000.0, "bonds_payable": null, "convertible_bonds": null, "convertible_bond_type_bonds_with_subscription_rights": null, "non_current_bonds_with_subscription_right": null, "long_term_loans_payable": 264000000.0, "non_current_lease_obligations": 129000000.0, "net_assets": 5499000000.0, "shareholders_equity": 5255000000.0, "capital_stock": 2485000000.0, "retained_earnings": 1549000000.0, "treasury_stock": -1000000.0, "valuation_and_translation_adjustments": 1000000.0, "non_controlling_interests": 242000000.0, "subscription_rights": null, "net_sales": 43628000000.0, "cost_of_sales": 40050000000.0, "gross_profit": 3578000000.0, "sga": 3161000000.0, "operating_income": 416000000.0, "non_operating_income": 117000000.0, "non_operating_expenses": 29000000.0, "interest_expense": 26000000.0, "ordinary_income": 505000000.0, "extraordinary_income": null, "extraordinary_loss": 11000000.0, "impairment_loss": null, "income_before_income_taxes": 493000000.0, "income_taxes": 238000000.0, "net_income": 199000000.0, "operating_cash_flow": 1638000000.0, "investment_cash_flow": -881000000.0, "financial_cash_flow": -594000000.0, "depreciation": 663000000.0, "amortization": null, "edinet_title": "\u3010E00017\u3011\u682a\u5f0f\u4f1a\u793e\u30db\u30a6\u30b9\u30a4 \u6709\u4fa1\u8a3c\u5238\u5831\u544a\u66f8 \u2010 \u7b2c77\u671f\uff08\u5e73\u621023\u5e744\u67081\u65e5 \u2010 \u5e73\u621024\u5e743\u670831\u65e5\uff09", "edinet_updated_date": "2012-06-26T00:00:00.000Z", "end_date": "2012-03-24T15:00:00.000Z"}, {"issued_share_num": 83790000.0, "treasury_stock_num": null, "ex_net_sales": 46000000000.0, "ex_operating_income": 490000000.0, "ex_ordinary_income": 540000000.0, "ex_net_income": 250000000.0, "ex_dividend": 2.0, "dividend": null, "fiscal_year": 2012.0, "fiscal_quarter": 1.0, "tdnet_title": "\u301013520\u3011\u682a\u5f0f\u4f1a\u793e\u30db\u30a6\u30b9\u30a4 \u5e73\u621025\u5e74\uff13\u6708\u671f \u7b2c\uff11\u56db\u534a\u671f\u6c7a\u7b97\u77ed\u4fe1[\u65e5\u672c\u57fa\u6e96](\u9023\u7d50)", "tdnet_updated_date": "2012-07-30T16:00:00.000Z", "company_name": null, "ceo_name": null, "headquarters_address": null, "accounting_standard": null, "employee_num": null, "assets": 16577000000.0, "current_assets": 7512000000.0, "cash_and_deposits": 215000000.0, "notes_accounts_receivable": 4143000000.0, "notes_receivable": null, "accounts_receivable": null, "inventories": null, "merchandise": 1853000000.0, "work_in_process": null, "raw_materials_and_supplies": 15000000.0, "non_current_assets": 9064000000.0, "tangible_fixed_assets": 8447000000.0, "liabilities": 11191000000.0, "current_liabilities": 9399000000.0, "notes_accounts_payable": 4575000000.0, "accounts_payable": null, "notes_payable": null, "short_term_bonds_payable": null, "short_term_loans_payable": 2300000000.0, "commercial_papers_liabilities": null, "current_lease_obligations": 66000000.0, "current_portion_of_long_term_loans": 185000000.0, "current_portion_of_bonds": null, "current_portion_of_convertible_bonds": null, "current_portion_of_bonds_with_subscription_rights": null, "non_current_liabilities": 1792000000.0, "bonds_payable": null, "convertible_bonds": null, "convertible_bond_type_bonds_with_subscription_rights": null, "non_current_bonds_with_subscription_right": null, "long_term_loans_payable": 230000000.0, "non_current_lease_obligations": 133000000.0, "net_assets": 5385000000.0, "shareholders_equity": 5138000000.0, "capital_stock": 2485000000.0, "retained_earnings": 1432000000.0, "treasury_stock": -1000000.0, "valuation_and_translation_adjustments": 0.0, "non_controlling_interests": 246000000.0, "subscription_rights": null, "net_sales": 10967000000.0, "cost_of_sales": 10000000000.0, "gross_profit": 966000000.0, "sga": 883000000.0, "operating_income": 83000000.0, "non_operating_income": 30000000.0, "non_operating_expenses": 8000000.0, "interest_expense": 8000000.0, "ordinary_income": 106000000.0, "extraordinary_income": null, "extraordinary_loss": 0.0, "impairment_loss": null, "income_before_income_taxes": 105000000.0, "income_taxes": 47000000.0, "net_income": 49000000.0, "operating_cash_flow": null, "investment_cash_flow": null, "financial_cash_flow": null, "depreciation": null, "amortization": null, "edinet_title": "\u3010E00017\u3011\u682a\u5f0f\u4f1a\u793e\u30db\u30a6\u30b9\u30a4 \u56db\u534a\u671f\u5831\u544a\u66f8 \u2010 \u7b2c78\u671f \u7b2c1\u56db\u534a\u671f\uff08\u5e73\u621024\u5e744\u67081\u65e5 \u2010 \u5e73\u621024\u5e746\u670830\u65e5\uff09", "edinet_updated_date": "2012-08-13T00:00:00.000Z", "end_date": "2012-05-11T15:00:00.000Z"}], "1376": [{"issued_share_num": 11772626.0, "treasury_stock_num": null, "ex_net_sales": 54500000000.0, "ex_operating_income": 1500000000.0, "ex_ordinary_income": 1600000000.0, "ex_net_income": 950000000.0, "ex_dividend": 21.0, "dividend": null, "fiscal_year": 2012.0, "fiscal_quarter": 4.0, "tdnet_title": "\u301013760\u3011\u30ab\u30cd\u30b3\u7a2e\u82d7\u682a\u5f0f\u4f1a\u793e \u5e73\u621025\u5e745\u6708\u671f \u6c7a\u7b97\u77ed\u4fe1\u3014\u65e5\u672c\u57fa\u6e96\u3015(\u9023\u7d50)", "tdnet_updated_date": "2013-07-11T15:10:00.000Z", "company_name": null, "ceo_name": null, "headquarters_address": null, "accounting_standard": null, "employee_num": null, "assets": 38483460000.0, "current_assets": 30705425000.0, "cash_and_deposits": 2137657000.0, "notes_accounts_receivable": 21320711000.0, "notes_receivable": null, "accounts_receivable": null, "inventories": null, "merchandise": 5806893000.0, "work_in_process": null, "raw_materials_and_supplies": null, "non_current_assets": 7778034000.0, "tangible_fixed_assets": 5909468000.0, "liabilities": 25333936000.0, "current_liabilities": 23941942000.0, "notes_accounts_payable": 20601163000.0, "accounts_payable": null, "notes_payable": null, "short_term_bonds_payable": null, "short_term_loans_payable": 1935000000.0, "commercial_papers_liabilities": null, "current_lease_obligations": null, "current_portion_of_long_term_loans": null, "current_portion_of_bonds": null, "current_portion_of_convertible_bonds": null, "current_portion_of_bonds_with_subscription_rights": null, "non_current_liabilities": 1391993000.0, "bonds_payable": null, "convertible_bonds": null, "convertible_bond_type_bonds_with_subscription_rights": null, "non_current_bonds_with_subscription_right": null, "long_term_loans_payable": null, "non_current_lease_obligations": null, "net_assets": 13149523000.0, "shareholders_equity": 12935946000.0, "capital_stock": 1491267000.0, "retained_earnings": 9693935000.0, "treasury_stock": -14462000.0, "valuation_and_translation_adjustments": 213577000.0, "non_controlling_interests": null, "subscription_rights": null, "net_sales": 54006876000.0, "cost_of_sales": 45729256000.0, "gross_profit": 8277619000.0, "sga": 6893881000.0, "operating_income": 1383737000.0, "non_operating_income": 133783000.0, "non_operating_expenses": 36046000.0, "interest_expense": 31451000.0, "ordinary_income": 1481474000.0, "extraordinary_income": null, "extraordinary_loss": 6549000.0, "impairment_loss": null, "income_before_income_taxes": 1474925000.0, "income_taxes": 588472000.0, "net_income": 886453000.0, "operating_cash_flow": 470767000.0, "investment_cash_flow": -173451000.0, "financial_cash_flow": -407202000.0, "depreciation": 213010000.0, "amortization": null, "edinet_title": "\u3010E00004\u3011\u30ab\u30cd\u30b3\u7a2e\u82d7\u682a\u5f0f\u4f1a\u793e \u6709\u4fa1\u8a3c\u5238\u5831\u544a\u66f8 \u2010 \u7b2c66\u671f\uff08\u5e73\u621024\u5e746\u67081\u65e5 \u2010 \u5e73\u621025\u5e745\u670831\u65e5\uff09", "edinet_updated_date": "2013-08-29T00:00:00.000Z", "end_date": "2013-05-27T15:00:00.000Z"}, {"issued_share_num": 11772626.0, "treasury_stock_num": null, "ex_net_sales": 53500000000.0, "ex_operating_income": 1700000000.0, "ex_ordinary_income": 1750000000.0, "ex_net_income": 1000000000.0, "ex_dividend": 21.0, "dividend": null, "fiscal_year": 2012.0, "fiscal_quarter": 1.0, "tdnet_title": "\u301013760\u3011\u30ab\u30cd\u30b3\u7a2e\u82d7\u682a\u5f0f\u4f1a\u793e \u5e73\u621025\u5e745\u6708\u671f \u7b2c\uff11\u56db\u534a\u671f\u6c7a\u7b97\u77ed\u4fe1\u3014\u65e5\u672c\u57fa\u6e96\u3015(\u9023\u7d50)", "tdnet_updated_date": "2012-10-05T15:10:00.000Z", "company_name": null, "ceo_name": null, "headquarters_address": null, "accounting_standard": null, "employee_num": null, "assets": 33829478000.0, "current_assets": 26167480000.0, "cash_and_deposits": 3487317000.0, "notes_accounts_receivable": 16386821000.0, "notes_receivable": null, "accounts_receivable": null, "inventories": null, "merchandise": 4476187000.0, "work_in_process": null, "raw_materials_and_supplies": null, "non_current_assets": 7661997000.0, "tangible_fixed_assets": 5952001000.0, "liabilities": 21519979000.0, "current_liabilities": 20170935000.0, "notes_accounts_payable": 14209310000.0, "accounts_payable": null, "notes_payable": null, "short_term_bonds_payable": null, "short_term_loans_payable": 4935000000.0, "commercial_papers_liabilities": null, "current_lease_obligations": null, "current_portion_of_long_term_loans": null, "current_portion_of_bonds": null, "current_portion_of_convertible_bonds": null, "current_portion_of_bonds_with_subscription_rights": null, "non_current_liabilities": 1349043000.0, "bonds_payable": null, "convertible_bonds": null, "convertible_bond_type_bonds_with_subscription_rights": null, "non_current_bonds_with_subscription_right": null, "long_term_loans_payable": null, "non_current_lease_obligations": null, "net_assets": 12309499000.0, "shareholders_equity": 12256895000.0, "capital_stock": 1491267000.0, "retained_earnings": 9014616000.0, "treasury_stock": -14194000.0, "valuation_and_translation_adjustments": 52603000.0, "non_controlling_interests": null, "subscription_rights": null, "net_sales": 13368932000.0, "cost_of_sales": 11390775000.0, "gross_profit": 1978157000.0, "sga": 1765657000.0, "operating_income": 212499000.0, "non_operating_income": 28094000.0, "non_operating_expenses": 13560000.0, "interest_expense": 11740000.0, "ordinary_income": 227033000.0, "extraordinary_income": null, "extraordinary_loss": 2178000.0, "impairment_loss": null, "income_before_income_taxes": 224854000.0, "income_taxes": 117858000.0, "net_income": 106995000.0, "operating_cash_flow": null, "investment_cash_flow": null, "financial_cash_flow": null, "depreciation": null, "amortization": null, "edinet_title": "\u3010E00004\u3011\u30ab\u30cd\u30b3\u7a2e\u82d7\u682a\u5f0f\u4f1a\u793e \u56db\u534a\u671f\u5831\u544a\u66f8 \u2010 \u7b2c66\u671f \u7b2c1\u56db\u534a\u671f\uff08\u5e73\u621024\u5e746\u67081\u65e5 \u2010 \u5e73\u621024\u5e748\u670831\u65e5\uff09", "edinet_updated_date": "2012-10-12T00:00:00.000Z", "end_date": "2012-07-10T15:00:00.000Z"}, {"issued_share_num": 11772626.0, "treasury_stock_num": null, "ex_net_sales": 54500000000.0, "ex_operating_income": 1500000000.0, "ex_ordinary_income": 1600000000.0, "ex_net_income": 950000000.0, "ex_dividend": 21.0, "dividend": null, "fiscal_year": 2013.0, "fiscal_quarter": 1.0, "tdnet_title": "\u301013760\u3011\u30ab\u30cd\u30b3\u7a2e\u82d7\u682a\u5f0f\u4f1a\u793e \u5e73\u621026\u5e74\uff15\u6708\u671f \u7b2c\uff11\u56db\u534a\u671f\u6c7a\u7b97\u77ed\u4fe1\u3014\u65e5\u672c\u57fa\u6e96\u3015\uff08\u9023\u7d50\uff09", "tdnet_updated_date": "2013-10-03T15:00:00.000Z", "company_name": null, "ceo_name": null, "headquarters_address": null, "accounting_standard": null, "employee_num": null, "assets": 35532915000.0, "current_assets": 27748938000.0, "cash_and_deposits": 1810997000.0, "notes_accounts_receivable": 19171495000.0, "notes_receivable": null, "accounts_receivable": null, "inventories": null, "merchandise": 5013526000.0, "work_in_process": null, "raw_materials_and_supplies": null, "non_current_assets": 7783976000.0, "tangible_fixed_assets": 5923090000.0, "liabilities": 22266145000.0, "current_liabilities": 20869271000.0, "notes_accounts_payable": 14812375000.0, "accounts_payable": null, "notes_payable": null, "short_term_bonds_payable": null, "short_term_loans_payable": 5085000000.0, "commercial_papers_liabilities": null, "current_lease_obligations": null, "current_portion_of_long_term_loans": null, "current_portion_of_bonds": null, "current_portion_of_convertible_bonds": null, "current_portion_of_bonds_with_subscription_rights": null, "non_current_liabilities": 1396874000.0, "bonds_payable": null, "convertible_bonds": null, "convertible_bond_type_bonds_with_subscription_rights": null, "non_current_bonds_with_subscription_right": null, "long_term_loans_payable": null, "non_current_lease_obligations": null, "net_assets": 13266769000.0, "shareholders_equity": 13052548000.0, "capital_stock": 1491267000.0, "retained_earnings": 9810502000.0, "treasury_stock": -14441000.0, "valuation_and_translation_adjustments": 214221000.0, "non_controlling_interests": null, "subscription_rights": null, "net_sales": 13484157000.0, "cost_of_sales": 11408737000.0, "gross_profit": 2075419000.0, "sga": 1681434000.0, "operating_income": 393984000.0, "non_operating_income": 41299000.0, "non_operating_expenses": 9090000.0, "interest_expense": 8701000.0, "ordinary_income": 426193000.0, "extraordinary_income": null, "extraordinary_loss": 47000.0, "impairment_loss": null, "income_before_income_taxes": 426145000.0, "income_taxes": 168600000.0, "net_income": 257545000.0, "operating_cash_flow": null, "investment_cash_flow": null, "financial_cash_flow": null, "depreciation": null, "amortization": null, "edinet_title": "\u3010E00004\u3011\u30ab\u30cd\u30b3\u7a2e\u82d7\u682a\u5f0f\u4f1a\u793e \u56db\u534a\u671f\u5831\u544a\u66f8\uff0d\u7b2c67\u671f\u7b2c1\u56db\u534a\u671f(\u5e73\u621025\u5e746\u67081\u65e5\uff0d\u5e73\u621025\u5e748\u670831\u65e5)", "edinet_updated_date": "2013-10-11T00:00:00.000Z", "end_date": "2013-07-09T15:00:00.000Z"}, {"issued_share_num": 11772626.0, "treasury_stock_num": null, "ex_net_sales": 53500000000.0, "ex_operating_income": 1700000000.0, "ex_ordinary_income": 1750000000.0, "ex_net_income": 1000000000.0, "ex_dividend": 21.0, "dividend": null, "fiscal_year": 2012.0, "fiscal_quarter": 2.0, "tdnet_title": "\u301013760\u3011\u30ab\u30cd\u30b3\u7a2e\u82d7\u682a\u5f0f\u4f1a\u793e \u5e73\u6210\uff12\uff15\u5e74\uff15\u6708\u671f\u3000\u7b2c\uff12\u56db\u534a\u671f\u6c7a\u7b97\u77ed\u4fe1\u3014\u65e5\u672c\u57fa\u6e96\u3015\uff08\u9023\u7d50\uff09", "tdnet_updated_date": "2013-01-07T15:10:00.000Z", "company_name": null, "ceo_name": null, "headquarters_address": null, "accounting_standard": null, "employee_num": null, "assets": 29063875000.0, "current_assets": 21362009000.0, "cash_and_deposits": 2731927000.0, "notes_accounts_receivable": 12215196000.0, "notes_receivable": null, "accounts_receivable": null, "inventories": null, "merchandise": 4513452000.0, "work_in_process": null, "raw_materials_and_supplies": null, "non_current_assets": 7701865000.0, "tangible_fixed_assets": 5978844000.0, "liabilities": 16691758000.0, "current_liabilities": 15332959000.0, "notes_accounts_payable": 10600735000.0, "accounts_payable": null, "notes_payable": null, "short_term_bonds_payable": null, "short_term_loans_payable": 3645000000.0, "commercial_papers_liabilities": null, "current_lease_obligations": null, "current_portion_of_long_term_loans": null, "current_portion_of_bonds": null, "current_portion_of_convertible_bonds": null, "current_portion_of_bonds_with_subscription_rights": null, "non_current_liabilities": 1358799000.0, "bonds_payable": null, "convertible_bonds": null, "convertible_bond_type_bonds_with_subscription_rights": null, "non_current_bonds_with_subscription_right": null, "long_term_loans_payable": null, "non_current_lease_obligations": null, "net_assets": 12372116000.0, "shareholders_equity": 12294201000.0, "capital_stock": 1491267000.0, "retained_earnings": 9052056000.0, "treasury_stock": -14329000.0, "valuation_and_translation_adjustments": 77915000.0, "non_controlling_interests": null, "subscription_rights": null, "net_sales": 23280670000.0, "cost_of_sales": 19651832000.0, "gross_profit": 3628837000.0, "sga": 3429507000.0, "operating_income": 199329000.0, "non_operating_income": 57676000.0, "non_operating_expenses": 23174000.0, "interest_expense": 17400000.0, "ordinary_income": 233831000.0, "extraordinary_income": null, "extraordinary_loss": 3466000.0, "impairment_loss": null, "income_before_income_taxes": 230365000.0, "income_taxes": 91525000.0, "net_income": 138839000.0, "operating_cash_flow": -809085000.0, "investment_cash_flow": -120138000.0, "financial_cash_flow": 1413607000.0, "depreciation": 101997000.0, "amortization": null, "edinet_title": "\u3010E00004\u3011\u30ab\u30cd\u30b3\u7a2e\u82d7\u682a\u5f0f\u4f1a\u793e \u56db\u534a\u671f\u5831\u544a\u66f8 \u2010 \u7b2c66\u671f \u7b2c2\u56db\u534a\u671f\uff08\u5e73\u621024\u5e749\u67081\u65e5 \u2010 \u5e73\u621024\u5e7411\u670830\u65e5\uff09", "edinet_updated_date": "2013-01-11T00:00:00.000Z", "end_date": "2012-10-09T15:00:00.000Z"}, {"issued_share_num": 11772626.0, "treasury_stock_num": null, "ex_net_sales": 54500000000.0, "ex_operating_income": 1650000000.0, "ex_ordinary_income": 1750000000.0, "ex_net_income": 1050000000.0, "ex_dividend": 22.0, "dividend": null, "fiscal_year": 2013.0, "fiscal_quarter": 2.0, "tdnet_title": "\u301013760\u3011\u30ab\u30cd\u30b3\u7a2e\u82d7\u682a\u5f0f\u4f1a\u793e \u5e73\u621026\u5e745\u6708\u671f \u7b2c\uff12\u56db\u534a\u671f\u6c7a\u7b97\u77ed\u4fe1\u3014\u65e5\u672c\u57fa\u6e96\u3015(\u9023\u7d50)", "tdnet_updated_date": "2014-01-07T15:00:00.000Z", "company_name": null, "ceo_name": null, "headquarters_address": null, "accounting_standard": null, "employee_num": null, "assets": 31102757000.0, "current_assets": 23256782000.0, "cash_and_deposits": 1818103000.0, "notes_accounts_receivable": 14389159000.0, "notes_receivable": null, "accounts_receivable": null, "inventories": null, "merchandise": 5328374000.0, "work_in_process": null, "raw_materials_and_supplies": null, "non_current_assets": 7845974000.0, "tangible_fixed_assets": 5917266000.0, "liabilities": 17729705000.0, "current_liabilities": 16375199000.0, "notes_accounts_payable": 11656703000.0, "accounts_payable": null, "notes_payable": null, "short_term_bonds_payable": null, "short_term_loans_payable": 3545000000.0, "commercial_papers_liabilities": null, "current_lease_obligations": null, "current_portion_of_long_term_loans": null, "current_portion_of_bonds": null, "current_portion_of_convertible_bonds": null, "current_portion_of_bonds_with_subscription_rights": null, "non_current_liabilities": 1354506000.0, "bonds_payable": null, "convertible_bonds": null, "convertible_bond_type_bonds_with_subscription_rights": null, "non_current_bonds_with_subscription_right": null, "long_term_loans_payable": null, "non_current_lease_obligations": null, "net_assets": 13373051000.0, "shareholders_equity": 13077317000.0, "capital_stock": 1491267000.0, "retained_earnings": 9837260000.0, "treasury_stock": -16432000.0, "valuation_and_translation_adjustments": 295734000.0, "non_controlling_interests": null, "subscription_rights": null, "net_sales": 23692238000.0, "cost_of_sales": 19998008000.0, "gross_profit": 3694229000.0, "sga": 3276256000.0, "operating_income": 417972000.0, "non_operating_income": 67452000.0, "non_operating_expenses": 15098000.0, "interest_expense": 14709000.0, "ordinary_income": 470326000.0, "extraordinary_income": null, "extraordinary_loss": 122000.0, "impairment_loss": null, "income_before_income_taxes": 470204000.0, "income_taxes": 185900000.0, "net_income": 284304000.0, "operating_cash_flow": -1685292000.0, "investment_cash_flow": -96644000.0, "financial_cash_flow": 1462382000.0, "depreciation": 95622000.0, "amortization": null, "edinet_title": "\u3010E00004\u3011\u30ab\u30cd\u30b3\u7a2e\u82d7\u682a\u5f0f\u4f1a\u793e \u56db\u534a\u671f\u5831\u544a\u66f8\uff0d\u7b2c67\u671f\u7b2c2\u56db\u534a\u671f(\u5e73\u621025\u5e749\u67081\u65e5\uff0d\u5e73\u621025\u5e7411\u670830\u65e5)", "edinet_updated_date": "2014-01-10T00:00:00.000Z", "end_date": "2013-10-08T15:00:00.000Z"}, {"issued_share_num": 11772626.0, "treasury_stock_num": null, "ex_net_sales": 51500000000.0, "ex_operating_income": 1600000000.0, "ex_ordinary_income": 1650000000.0, "ex_net_income": 870000000.0, "ex_dividend": 21.0, "dividend": null, "fiscal_year": 2011.0, "fiscal_quarter": 2.0, "tdnet_title": "\u301013760\u3011\u30ab\u30cd\u30b3\u7a2e\u82d7\u682a\u5f0f\u4f1a\u793e \u5e73\u621024\u5e74\uff15\u6708\u671f\u3000\u7b2c\uff12\u56db\u534a\u671f\u6c7a\u7b97\u77ed\u4fe1\u3014\u65e5\u672c\u57fa\u6e96\u3015\uff08\u9023\u7d50\uff09", "tdnet_updated_date": "2012-01-06T15:10:00.000Z", "company_name": null, "ceo_name": null, "headquarters_address": null, "accounting_standard": null, "employee_num": null, "assets": 28812401000.0, "current_assets": 20988932000.0, "cash_and_deposits": 2499687000.0, "notes_accounts_receivable": 12500623000.0, "notes_receivable": null, "accounts_receivable": null, "inventories": null, "merchandise": 4343620000.0, "work_in_process": null, "raw_materials_and_supplies": null, "non_current_assets": 7823468000.0, "tangible_fixed_assets": 6050123000.0, "liabilities": 17034761000.0, "current_liabilities": 15712526000.0, "notes_accounts_payable": 10165341000.0, "accounts_payable": null, "notes_payable": null, "short_term_bonds_payable": null, "short_term_loans_payable": 4245000000.0, "commercial_papers_liabilities": null, "current_lease_obligations": null, "current_portion_of_long_term_loans": null, "current_portion_of_bonds": null, "current_portion_of_convertible_bonds": null, "current_portion_of_bonds_with_subscription_rights": null, "non_current_liabilities": 1322234000.0, "bonds_payable": null, "convertible_bonds": null, "convertible_bond_type_bonds_with_subscription_rights": null, "non_current_bonds_with_subscription_right": null, "long_term_loans_payable": null, "non_current_lease_obligations": null, "net_assets": 11777640000.0, "shareholders_equity": 11643095000.0, "capital_stock": 1491267000.0, "retained_earnings": 8465953000.0, "treasury_stock": -66163000.0, "valuation_and_translation_adjustments": 45338000.0, "non_controlling_interests": 89206000.0, "subscription_rights": null, "net_sales": 22152545000.0, "cost_of_sales": 18612653000.0, "gross_profit": 3539892000.0, "sga": 3236639000.0, "operating_income": 303252000.0, "non_operating_income": 44821000.0, "non_operating_expenses": 21968000.0, "interest_expense": 18308000.0, "ordinary_income": 326105000.0, "extraordinary_income": 581000.0, "extraordinary_loss": 8344000.0, "impairment_loss": null, "income_before_income_taxes": 318342000.0, "income_taxes": 133428000.0, "net_income": 170800000.0, "operating_cash_flow": -1395241000.0, "investment_cash_flow": -100637000.0, "financial_cash_flow": 1865798000.0, "depreciation": 103593000.0, "amortization": null, "edinet_title": "\u3010E00004\u3011\u30ab\u30cd\u30b3\u7a2e\u82d7\u682a\u5f0f\u4f1a\u793e \u56db\u534a\u671f\u5831\u544a\u66f8 \u2010 \u7b2c65\u671f \u7b2c2\u56db\u534a\u671f\uff08\u5e73\u621023\u5e749\u67081\u65e5 \u2010 \u5e73\u621023\u5e7411\u670830\u65e5\uff09", "edinet_updated_date": "2012-01-13T00:00:00.000Z", "end_date": "2011-10-11T15:00:00.000Z"}, {"issued_share_num": 11772626.0, "treasury_stock_num": null, "ex_net_sales": 55500000000.0, "ex_operating_income": 1650000000.0, "ex_ordinary_income": 1750000000.0, "ex_net_income": 1050000000.0, "ex_dividend": 22.0, "dividend": null, "fiscal_year": 2013.0, "fiscal_quarter": 3.0, "tdnet_title": "\u301013760\u3011\u30ab\u30cd\u30b3\u7a2e\u82d7\u682a\u5f0f\u4f1a\u793e \u5e73\u621026\u5e74\uff15\u6708\u671f\u3000\u7b2c\uff13\u56db\u534a\u671f\u6c7a\u7b97\u77ed\u4fe1\uff3b\u65e5\u672c\u57fa\u6e96\uff3d\uff08\u9023\u7d50\uff09", "tdnet_updated_date": "2014-04-03T15:00:00.000Z", "company_name": null, "ceo_name": null, "headquarters_address": null, "accounting_standard": null, "employee_num": null, "assets": 33932566000.0, "current_assets": 26028498000.0, "cash_and_deposits": 2560537000.0, "notes_accounts_receivable": 14847809000.0, "notes_receivable": null, "accounts_receivable": null, "inventories": null, "merchandise": 7251539000.0, "work_in_process": null, "raw_materials_and_supplies": null, "non_current_assets": 7904067000.0, "tangible_fixed_assets": 5872350000.0, "liabilities": 20466363000.0, "current_liabilities": 19099542000.0, "notes_accounts_payable": 15678395000.0, "accounts_payable": null, "notes_payable": null, "short_term_bonds_payable": null, "short_term_loans_payable": 2615000000.0, "commercial_papers_liabilities": null, "current_lease_obligations": null, "current_portion_of_long_term_loans": null, "current_portion_of_bonds": null, "current_portion_of_convertible_bonds": null, "current_portion_of_bonds_with_subscription_rights": null, "non_current_liabilities": 1366820000.0, "bonds_payable": null, "convertible_bonds": null, "convertible_bond_type_bonds_with_subscription_rights": null, "non_current_bonds_with_subscription_right": null, "long_term_loans_payable": null, "non_current_lease_obligations": null, "net_assets": 13466202000.0, "shareholders_equity": 13189619000.0, "capital_stock": 1491267000.0, "retained_earnings": 9950120000.0, "treasury_stock": -16989000.0, "valuation_and_translation_adjustments": 276583000.0, "non_controlling_interests": null, "subscription_rights": null, "net_sales": 36015080000.0, "cost_of_sales": 30397748000.0, "gross_profit": 5617332000.0, "sga": 4853075000.0, "operating_income": 764256000.0, "non_operating_income": 106942000.0, "non_operating_expenses": 21406000.0, "interest_expense": 20980000.0, "ordinary_income": 849792000.0, "extraordinary_income": null, "extraordinary_loss": 3568000.0, "impairment_loss": null, "income_before_income_taxes": 846224000.0, "income_taxes": 331600000.0, "net_income": 514624000.0, "operating_cash_flow": null, "investment_cash_flow": null, "financial_cash_flow": null, "depreciation": null, "amortization": null, "edinet_title": "\u3010E00004\u3011\u30ab\u30cd\u30b3\u7a2e\u82d7\u682a\u5f0f\u4f1a\u793e \u56db\u534a\u671f\u5831\u544a\u66f8\uff0d\u7b2c67\u671f\u7b2c3\u56db\u534a\u671f(\u5e73\u621025\u5e7412\u67081\u65e5\uff0d\u5e73\u621026\u5e742\u670828\u65e5)", "edinet_updated_date": "2014-04-11T00:00:00.000Z", "end_date": "2014-01-07T15:00:00.000Z"}, {"issued_share_num": 11772626.0, "treasury_stock_num": null, "ex_net_sales": 53500000000.0, "ex_operating_income": 1450000000.0, "ex_ordinary_income": 1500000000.0, "ex_net_income": 900000000.0, "ex_dividend": 21.0, "dividend": null, "fiscal_year": 2012.0, "fiscal_quarter": 3.0, "tdnet_title": "\u301013760\u3011\u30ab\u30cd\u30b3\u7a2e\u82d7\u682a\u5f0f\u4f1a\u793e \u5e73\u621025\u5e745\u6708\u671f \u7b2c3\u56db\u534a\u671f\u6c7a\u7b97\u77ed\u4fe1\u3014\u65e5\u672c\u57fa\u6e96\u3015(\u9023\u7d50)", "tdnet_updated_date": "2013-04-05T15:10:00.000Z", "company_name": null, "ceo_name": null, "headquarters_address": null, "accounting_standard": null, "employee_num": null, "assets": 29232404000.0, "current_assets": 21470083000.0, "cash_and_deposits": 2263098000.0, "notes_accounts_receivable": 11913501000.0, "notes_receivable": null, "accounts_receivable": null, "inventories": null, "merchandise": 5870727000.0, "work_in_process": null, "raw_materials_and_supplies": null, "non_current_assets": 7762321000.0, "tangible_fixed_assets": 5956657000.0, "liabilities": 16833563000.0, "current_liabilities": 15466263000.0, "notes_accounts_payable": 11853823000.0, "accounts_payable": null, "notes_payable": null, "short_term_bonds_payable": null, "short_term_loans_payable": 2765000000.0, "commercial_papers_liabilities": null, "current_lease_obligations": null, "current_portion_of_long_term_loans": null, "current_portion_of_bonds": null, "current_portion_of_convertible_bonds": null, "current_portion_of_bonds_with_subscription_rights": null, "non_current_liabilities": 1367299000.0, "bonds_payable": null, "convertible_bonds": null, "convertible_bond_type_bonds_with_subscription_rights": null, "non_current_bonds_with_subscription_right": null, "long_term_loans_payable": null, "non_current_lease_obligations": null, "net_assets": 12398841000.0, "shareholders_equity": 12227222000.0, "capital_stock": 1491267000.0, "retained_earnings": 8985091000.0, "treasury_stock": -14343000.0, "valuation_and_translation_adjustments": 171619000.0, "non_controlling_interests": null, "subscription_rights": null, "net_sales": 32757204000.0, "cost_of_sales": 27522501000.0, "gross_profit": 5234702000.0, "sga": 5001485000.0, "operating_income": 233217000.0, "non_operating_income": 92071000.0, "non_operating_expenses": 25939000.0, "interest_expense": 23579000.0, "ordinary_income": 299349000.0, "extraordinary_income": null, "extraordinary_loss": 4513000.0, "impairment_loss": null, "income_before_income_taxes": 294835000.0, "income_taxes": 117225000.0, "net_income": 177609000.0, "operating_cash_flow": null, "investment_cash_flow": null, "financial_cash_flow": null, "depreciation": null, "amortization": null, "edinet_title": "\u3010E00004\u3011\u30ab\u30cd\u30b3\u7a2e\u82d7\u682a\u5f0f\u4f1a\u793e \u56db\u534a\u671f\u5831\u544a\u66f8 \u2010 \u7b2c66\u671f \u7b2c3\u56db\u534a\u671f\uff08\u5e73\u621024\u5e7412\u67081\u65e5 \u2010 \u5e73\u621025\u5e742\u670828\u65e5\uff09", "edinet_updated_date": "2013-04-12T00:00:00.000Z", "end_date": "2013-01-08T15:00:00.000Z"}, {"issued_share_num": 11772626.0, "treasury_stock_num": 0.0, "ex_net_sales": 58000000000.0, "ex_operating_income": 1830000000.0, "ex_ordinary_income": 1950000000.0, "ex_net_income": 1170000000.0, "ex_dividend": 23.0, "dividend": 23.0, "fiscal_year": 2013.0, "fiscal_quarter": 4.0, "tdnet_title": "\u301013760\u3011\u30ab\u30cd\u30b3\u7a2e\u82d7\u682a\u5f0f\u4f1a\u793e \u5e73\u62102\uff16\u5e745\u6708\u671f \u6c7a\u7b97\u77ed\u4fe1\u3014\u65e5\u672c\u57fa\u6e96\u3015(\u9023\u7d50)", "tdnet_updated_date": "2014-07-10T15:00:00.000Z", "company_name": "\u30ab\u30cd\u30b3\u7a2e\u82d7\u682a\u5f0f\u4f1a\u793e", "ceo_name": "\u4ee3\u8868\u53d6\u7de0\u5f79\u793e\u9577\u3000\u3000\u91d1\u5b50\u3000\u660c\u5f66", "headquarters_address": "\u7fa4\u99ac\u770c\u524d\u6a4b\u5e02\u53e4\u5e02\u753a\u4e00\u4e01\u76ee50\u756a\u573012", "accounting_standard": "Japan GAAP", "employee_num": 583.0, "assets": 40773136000.0, "current_assets": 32851002000.0, "cash_and_deposits": 2341780000.0, "notes_accounts_receivable": 22956987000.0, "notes_receivable": null, "accounts_receivable": null, "inventories": null, "merchandise": 5964955000.0, "work_in_process": null, "raw_materials_and_supplies": null, "non_current_assets": 7922134000.0, "tangible_fixed_assets": 5879344000.0, "liabilities": 26769339000.0, "current_liabilities": 25260504000.0, "notes_accounts_payable": 22099739000.0, "accounts_payable": null, "notes_payable": null, "short_term_bonds_payable": null, "short_term_loans_payable": 1435000000.0, "commercial_papers_liabilities": null, "current_lease_obligations": null, "current_portion_of_long_term_loans": null, "current_portion_of_bonds": null, "current_portion_of_convertible_bonds": null, "current_portion_of_bonds_with_subscription_rights": null, "non_current_liabilities": 1508835000.0, "bonds_payable": null, "convertible_bonds": null, "convertible_bond_type_bonds_with_subscription_rights": null, "non_current_bonds_with_subscription_right": null, "long_term_loans_payable": null, "non_current_lease_obligations": null, "net_assets": 14003797000.0, "shareholders_equity": 13816922000.0, "capital_stock": 1491267000.0, "retained_earnings": 10578281000.0, "treasury_stock": -17847000.0, "valuation_and_translation_adjustments": 186874000.0, "non_controlling_interests": null, "subscription_rights": null, "net_sales": 56505412000.0, "cost_of_sales": 47979421000.0, "gross_profit": 8525991000.0, "sga": 6714752000.0, "operating_income": 1811239000.0, "non_operating_income": 145046000.0, "non_operating_expenses": 35475000.0, "interest_expense": 27445000.0, "ordinary_income": 1920809000.0, "extraordinary_income": null, "extraordinary_loss": 7872000.0, "impairment_loss": null, "income_before_income_taxes": 1912937000.0, "income_taxes": 770152000.0, "net_income": 1142784000.0, "operating_cash_flow": 1278036000.0, "investment_cash_flow": -301997000.0, "financial_cash_flow": -771914000.0, "depreciation": 198330000.0, "amortization": null, "edinet_title": "\u3010E00004\u3011\u30ab\u30cd\u30b3\u7a2e\u82d7\u682a\u5f0f\u4f1a\u793e \u6709\u4fa1\u8a3c\u5238\u5831\u544a\u66f8\uff0d\u7b2c67\u671f(\u5e73\u621025\u5e746\u67081\u65e5\uff0d\u5e73\u621026\u5e745\u670831\u65e5)", "edinet_updated_date": "2014-08-29T00:00:00.000Z", "end_date": "2014-05-31T00:00:00.000Z"}, {"issued_share_num": 11772626.0, "treasury_stock_num": null, "ex_net_sales": 51500000000.0, "ex_operating_income": 1600000000.0, "ex_ordinary_income": 1650000000.0, "ex_net_income": 870000000.0, "ex_dividend": 21.0, "dividend": null, "fiscal_year": 2011.0, "fiscal_quarter": 3.0, "tdnet_title": "\u301013760\u3011\u30ab\u30cd\u30b3\u7a2e\u82d7\u682a\u5f0f\u4f1a\u793e \u5e73\u621024\u5e74\uff15\u6708\u671f\u3000\u7b2c\uff13\u56db\u534a\u671f\u6c7a\u7b97\u77ed\u4fe1\u3014\u65e5\u672c\u57fa\u6e96\u3015\uff08\u9023\u7d50\uff09", "tdnet_updated_date": "2012-04-04T15:10:00.000Z", "company_name": null, "ceo_name": null, "headquarters_address": null, "accounting_standard": null, "employee_num": null, "assets": 29439879000.0, "current_assets": 21613756000.0, "cash_and_deposits": 2288681000.0, "notes_accounts_receivable": 12429531000.0, "notes_receivable": null, "accounts_receivable": null, "inventories": null, "merchandise": 5521237000.0, "work_in_process": null, "raw_materials_and_supplies": null, "non_current_assets": 7826123000.0, "tangible_fixed_assets": 6016985000.0, "liabilities": 17623942000.0, "current_liabilities": 16282584000.0, "notes_accounts_payable": 12036513000.0, "accounts_payable": null, "notes_payable": null, "short_term_bonds_payable": null, "short_term_loans_payable": 3315000000.0, "commercial_papers_liabilities": null, "current_lease_obligations": null, "current_portion_of_long_term_loans": null, "current_portion_of_bonds": null, "current_portion_of_convertible_bonds": null, "current_portion_of_bonds_with_subscription_rights": null, "non_current_liabilities": 1341358000.0, "bonds_payable": null, "convertible_bonds": null, "convertible_bond_type_bonds_with_subscription_rights": null, "non_current_bonds_with_subscription_right": null, "long_term_loans_payable": null, "non_current_lease_obligations": null, "net_assets": 11815937000.0, "shareholders_equity": 11648349000.0, "capital_stock": 1491267000.0, "retained_earnings": 8471149000.0, "treasury_stock": -66114000.0, "valuation_and_translation_adjustments": 84908000.0, "non_controlling_interests": 82679000.0, "subscription_rights": null, "net_sales": 31525134000.0, "cost_of_sales": 26242430000.0, "gross_profit": 5282703000.0, "sga": 4798359000.0, "operating_income": 484344000.0, "non_operating_income": 87663000.0, "non_operating_expenses": 32632000.0, "interest_expense": 25627000.0, "ordinary_income": 539375000.0, "extraordinary_income": 641000.0, "extraordinary_loss": 2914000.0, "impairment_loss": null, "income_before_income_taxes": 537101000.0, "income_taxes": 248521000.0, "net_income": 280940000.0, "operating_cash_flow": null, "investment_cash_flow": null, "financial_cash_flow": null, "depreciation": null, "amortization": null, "edinet_title": "\u3010E00004\u3011\u30ab\u30cd\u30b3\u7a2e\u82d7\u682a\u5f0f\u4f1a\u793e \u56db\u534a\u671f\u5831\u544a\u66f8 \u2010 \u7b2c65\u671f \u7b2c3\u56db\u534a\u671f\uff08\u5e73\u621023\u5e7412\u67081\u65e5 \u2010 \u5e73\u621024\u5e742\u670829\u65e5\uff09", "edinet_updated_date": "2012-04-13T00:00:00.000Z", "end_date": "2012-01-10T15:00:00.000Z"}, {"issued_share_num": 11772626.0, "treasury_stock_num": null, "ex_net_sales": 53500000000.0, "ex_operating_income": 1700000000.0, "ex_ordinary_income": 1750000000.0, "ex_net_income": 1000000000.0, "ex_dividend": 21.0, "dividend": null, "fiscal_year": 2011.0, "fiscal_quarter": 4.0, "tdnet_title": "\u301013760\u3011\u30ab\u30cd\u30b3\u7a2e\u82d7\u682a\u5f0f\u4f1a\u793e \u5e73\u621024\u5e74\uff15\u6708\u671f \u6c7a\u7b97\u77ed\u4fe1\u3014\u65e5\u672c\u57fa\u6e96\u3015\uff08\u9023\u7d50\uff09", "tdnet_updated_date": "2012-07-12T15:10:00.000Z", "company_name": null, "ceo_name": null, "headquarters_address": null, "accounting_standard": null, "employee_num": null, "assets": 37233782000.0, "current_assets": 29587161000.0, "cash_and_deposits": 2247543000.0, "notes_accounts_receivable": 20635198000.0, "notes_receivable": null, "accounts_receivable": null, "inventories": null, "merchandise": 5209188000.0, "work_in_process": null, "raw_materials_and_supplies": null, "non_current_assets": 7646621000.0, "tangible_fixed_assets": 5962278000.0, "liabilities": 24917883000.0, "current_liabilities": 23560055000.0, "notes_accounts_payable": 19827378000.0, "accounts_payable": null, "notes_payable": null, "short_term_bonds_payable": null, "short_term_loans_payable": 2085000000.0, "commercial_papers_liabilities": null, "current_lease_obligations": null, "current_portion_of_long_term_loans": null, "current_portion_of_bonds": null, "current_portion_of_convertible_bonds": null, "current_portion_of_bonds_with_subscription_rights": null, "non_current_liabilities": 1357828000.0, "bonds_payable": null, "convertible_bonds": null, "convertible_bond_type_bonds_with_subscription_rights": null, "non_current_bonds_with_subscription_right": null, "long_term_loans_payable": null, "non_current_lease_obligations": null, "net_assets": 12315898000.0, "shareholders_equity": 12296559000.0, "capital_stock": 1491267000.0, "retained_earnings": 9054201000.0, "treasury_stock": -14116000.0, "valuation_and_translation_adjustments": 19339000.0, "non_controlling_interests": null, "subscription_rights": null, "net_sales": 51406205000.0, "cost_of_sales": 43220309000.0, "gross_profit": 8185896000.0, "sga": 6656138000.0, "operating_income": 1529757000.0, "non_operating_income": 126192000.0, "non_operating_expenses": 45065000.0, "interest_expense": 34215000.0, "ordinary_income": 1610884000.0, "extraordinary_income": 20232000.0, "extraordinary_loss": 14782000.0, "impairment_loss": 5610000.0, "income_before_income_taxes": 1616334000.0, "income_taxes": 743238000.0, "net_income": 863993000.0, "operating_cash_flow": 674100000.0, "investment_cash_flow": -121833000.0, "financial_cash_flow": -404491000.0, "depreciation": 223660000.0, "amortization": null, "edinet_title": "\u3010E00004\u3011\u30ab\u30cd\u30b3\u7a2e\u82d7\u682a\u5f0f\u4f1a\u793e \u6709\u4fa1\u8a3c\u5238\u5831\u544a\u66f8 \u2010 \u7b2c65\u671f\uff08\u5e73\u621023\u5e746\u67081\u65e5 \u2010 \u5e73\u621024\u5e745\u670831\u65e5\uff09", "edinet_updated_date": "2012-08-31T00:00:00.000Z", "end_date": "2012-05-29T15:00:00.000Z"}], "1377": [{"issued_share_num": 48410750.0, "treasury_stock_num": null, "ex_net_sales": 51500000000.0, "ex_operating_income": 3300000000.0, "ex_ordinary_income": 3400000000.0, "ex_net_income": 2400000000.0, "ex_dividend": 20.0, "dividend": null, "fiscal_year": 2012.0, "fiscal_quarter": 4.0, "tdnet_title": "\u301013770\u3011\u682a\u5f0f\u4f1a\u793e\u3000\u30b5\u30ab\u30bf\u306e\u30bf\u30cd \u5e73\u621025\u5e745\u6708\u671f \u6c7a\u7b97\u77ed\u4fe1\u3014\u65e5\u672c\u57fa\u6e96\u3015\uff08\u9023\u7d50\uff09", "tdnet_updated_date": "2013-07-12T15:00:00.000Z", "company_name": null, "ceo_name": null, "headquarters_address": null, "accounting_standard": null, "employee_num": null, "assets": 89787000000.0, "current_assets": 52419000000.0, "cash_and_deposits": 13511000000.0, "notes_accounts_receivable": 13841000000.0, "notes_receivable": null, "accounts_receivable": null, "inventories": null, "merchandise": 18233000000.0, "work_in_process": 1146000000.0, "raw_materials_and_supplies": 2212000000.0, "non_current_assets": 37367000000.0, "tangible_fixed_assets": 26560000000.0, "liabilities": 12100000000.0, "current_liabilities": 7914000000.0, "notes_accounts_payable": 2584000000.0, "accounts_payable": null, "notes_payable": null, "short_term_bonds_payable": null, "short_term_loans_payable": 1143000000.0, "commercial_papers_liabilities": null, "current_lease_obligations": null, "current_portion_of_long_term_loans": null, "current_portion_of_bonds": null, "current_portion_of_convertible_bonds": null, "current_portion_of_bonds_with_subscription_rights": null, "non_current_liabilities": 4186000000.0, "bonds_payable": null, "convertible_bonds": null, "convertible_bond_type_bonds_with_subscription_rights": null, "non_current_bonds_with_subscription_right": null, "long_term_loans_payable": 988000000.0, "non_current_lease_obligations": null, "net_assets": 77686000000.0, "shareholders_equity": 78693000000.0, "capital_stock": 13500000000.0, "retained_earnings": 58838000000.0, "treasury_stock": -4468000000.0, "valuation_and_translation_adjustments": -1115000000.0, "non_controlling_interests": 108000000.0, "subscription_rights": null, "net_sales": 50274000000.0, "cost_of_sales": 25921000000.0, "gross_profit": 24353000000.0, "sga": 22133000000.0, "operating_income": 2219000000.0, "non_operating_income": 1443000000.0, "non_operating_expenses": 97000000.0, "interest_expense": 56000000.0, "ordinary_income": 3564000000.0, "extraordinary_income": 890000000.0, "extraordinary_loss": 164000000.0, "impairment_loss": 119000000.0, "income_before_income_taxes": 4290000000.0, "income_taxes": 1186000000.0, "net_income": 3098000000.0, "operating_cash_flow": 715000000.0, "investment_cash_flow": 555000000.0, "financial_cash_flow": -1082000000.0, "depreciation": 1812000000.0, "amortization": null, "edinet_title": "\u3010E00006\u3011\u682a\u5f0f\u4f1a\u793e\u3000\u30b5\u30ab\u30bf\u306e\u30bf\u30cd \u6709\u4fa1\u8a3c\u5238\u5831\u544a\u66f8 \u2010 \u7b2c72\u671f\uff08\u5e73\u621024\u5e746\u67081\u65e5 \u2010 \u5e73\u621025\u5e745\u670831\u65e5\uff09", "edinet_updated_date": "2013-08-27T00:00:00.000Z", "end_date": "2013-05-25T15:00:00.000Z"}, {"issued_share_num": 48410750.0, "treasury_stock_num": null, "ex_net_sales": 48000000000.0, "ex_operating_income": 2700000000.0, "ex_ordinary_income": 3100000000.0, "ex_net_income": 2500000000.0, "ex_dividend": 20.0, "dividend": null, "fiscal_year": 2012.0, "fiscal_quarter": 1.0, "tdnet_title": "\u301013770\u3011\u682a\u5f0f\u4f1a\u793e\u3000\u30b5\u30ab\u30bf\u306e\u30bf\u30cd \u5e73\u621025\u5e74\uff15\u6708\u671f\u3000\u7b2c\uff11\u56db\u534a\u671f\u6c7a\u7b97\u77ed\u4fe1\u3014\u65e5\u672c\u57fa\u6e96\u3015\uff08\u9023\u7d50\uff09", "tdnet_updated_date": "2012-10-12T15:00:00.000Z", "company_name": null, "ceo_name": null, "headquarters_address": null, "accounting_standard": null, "employee_num": null, "assets": 81622000000.0, "current_assets": 46845000000.0, "cash_and_deposits": 14104000000.0, "notes_accounts_receivable": 11116000000.0, "notes_receivable": null, "accounts_receivable": null, "inventories": null, "merchandise": 15872000000.0, "work_in_process": 1109000000.0, "raw_materials_and_supplies": 1808000000.0, "non_current_assets": 34777000000.0, "tangible_fixed_assets": 25722000000.0, "liabilities": 10592000000.0, "current_liabilities": 7804000000.0, "notes_accounts_payable": 2101000000.0, "accounts_payable": null, "notes_payable": null, "short_term_bonds_payable": null, "short_term_loans_payable": 1694000000.0, "commercial_papers_liabilities": null, "current_lease_obligations": null, "current_portion_of_long_term_loans": null, "current_portion_of_bonds": null, "current_portion_of_convertible_bonds": null, "current_portion_of_bonds_with_subscription_rights": null, "non_current_liabilities": 2788000000.0, "bonds_payable": null, "convertible_bonds": null, "convertible_bond_type_bonds_with_subscription_rights": null, "non_current_bonds_with_subscription_right": null, "long_term_loans_payable": 124000000.0, "non_current_lease_obligations": null, "net_assets": 71029000000.0, "shareholders_equity": 77100000000.0, "capital_stock": 13500000000.0, "retained_earnings": 57245000000.0, "treasury_stock": -4467000000.0, "valuation_and_translation_adjustments": -6177000000.0, "non_controlling_interests": 107000000.0, "subscription_rights": null, "net_sales": 11158000000.0, "cost_of_sales": 4765000000.0, "gross_profit": 6393000000.0, "sga": 4824000000.0, "operating_income": 1568000000.0, "non_operating_income": 226000000.0, "non_operating_expenses": 81000000.0, "interest_expense": 13000000.0, "ordinary_income": 1713000000.0, "extraordinary_income": 1000000.0, "extraordinary_loss": 28000000.0, "impairment_loss": 10000000.0, "income_before_income_taxes": 1686000000.0, "income_taxes": 621000000.0, "net_income": 1054000000.0, "operating_cash_flow": null, "investment_cash_flow": null, "financial_cash_flow": null, "depreciation": null, "amortization": null, "edinet_title": "\u3010E00006\u3011\u682a\u5f0f\u4f1a\u793e\u3000\u30b5\u30ab\u30bf\u306e\u30bf\u30cd \u56db\u534a\u671f\u5831\u544a\u66f8 \u2010 \u7b2c72\u671f \u7b2c1\u56db\u534a\u671f\uff08\u5e73\u621024\u5e746\u67081\u65e5 \u2010 \u5e73\u621024\u5e748\u670831\u65e5\uff09", "edinet_updated_date": "2012-10-15T00:00:00.000Z", "end_date": "2012-07-13T15:00:00.000Z"}, {"issued_share_num": 48410750.0, "treasury_stock_num": null, "ex_net_sales": 51500000000.0, "ex_operating_income": 3300000000.0, "ex_ordinary_income": 3400000000.0, "ex_net_income": 2400000000.0, "ex_dividend": 20.0, "dividend": null, "fiscal_year": 2013.0, "fiscal_quarter": 1.0, "tdnet_title": "\u301013770\u3011\u682a\u5f0f\u4f1a\u793e\u3000\u30b5\u30ab\u30bf\u306e\u30bf\u30cd \u5e73\u621026\u5e74\uff15\u6708\u671f\u3000\u7b2c\uff11\u56db\u534a\u671f\u6c7a\u7b97\u77ed\u4fe1\u3014\u65e5\u672c\u57fa\u6e96\u3015\uff08\u9023\u7d50\uff09", "tdnet_updated_date": "2013-10-10T15:00:00.000Z", "company_name": null, "ceo_name": null, "headquarters_address": null, "accounting_standard": null, "employee_num": null, "assets": 92064000000.0, "current_assets": 54711000000.0, "cash_and_deposits": 15742000000.0, "notes_accounts_receivable": 13014000000.0, "notes_receivable": null, "accounts_receivable": null, "inventories": null, "merchandise": 18626000000.0, "work_in_process": 1343000000.0, "raw_materials_and_supplies": 2409000000.0, "non_current_assets": 37353000000.0, "tangible_fixed_assets": 26721000000.0, "liabilities": 13618000000.0, "current_liabilities": 9501000000.0, "notes_accounts_payable": 2365000000.0, "accounts_payable": null, "notes_payable": null, "short_term_bonds_payable": null, "short_term_loans_payable": 2526000000.0, "commercial_papers_liabilities": null, "current_lease_obligations": null, "current_portion_of_long_term_loans": null, "current_portion_of_bonds": null, "current_portion_of_convertible_bonds": null, "current_portion_of_bonds_with_subscription_rights": null, "non_current_liabilities": 4117000000.0, "bonds_payable": null, "convertible_bonds": null, "convertible_bond_type_bonds_with_subscription_rights": null, "non_current_bonds_with_subscription_right": null, "long_term_loans_payable": 960000000.0, "non_current_lease_obligations": null, "net_assets": 78446000000.0, "shareholders_equity": 78869000000.0, "capital_stock": 13500000000.0, "retained_earnings": 59015000000.0, "treasury_stock": -4469000000.0, "valuation_and_translation_adjustments": -553000000.0, "non_controlling_interests": 129000000.0, "subscription_rights": null, "net_sales": 12263000000.0, "cost_of_sales": 5254000000.0, "gross_profit": 7009000000.0, "sga": 5428000000.0, "operating_income": 1580000000.0, "non_operating_income": 224000000.0, "non_operating_expenses": 222000000.0, "interest_expense": 15000000.0, "ordinary_income": 1583000000.0, "extraordinary_income": 7000000.0, "extraordinary_loss": 4000000.0, "impairment_loss": 4000000.0, "income_before_income_taxes": 1586000000.0, "income_taxes": 714000000.0, "net_income": 852000000.0, "operating_cash_flow": null, "investment_cash_flow": null, "financial_cash_flow": null, "depreciation": null, "amortization": null, "edinet_title": "\u3010E00006\u3011\u682a\u5f0f\u4f1a\u793e\u3000\u30b5\u30ab\u30bf\u306e\u30bf\u30cd \u56db\u534a\u671f\u5831\u544a\u66f8\uff0d\u7b2c73\u671f\u7b2c1\u56db\u534a\u671f(\u5e73\u621025\u5e746\u67081\u65e5\uff0d\u5e73\u621025\u5e748\u670831\u65e5)", "edinet_updated_date": "2013-10-11T00:00:00.000Z", "end_date": "2013-07-09T15:00:00.000Z"}, {"issued_share_num": 48410750.0, "treasury_stock_num": null, "ex_net_sales": 48500000000.0, "ex_operating_income": 1900000000.0, "ex_ordinary_income": 2500000000.0, "ex_net_income": 1900000000.0, "ex_dividend": 20.0, "dividend": null, "fiscal_year": 2012.0, "fiscal_quarter": 2.0, "tdnet_title": "\u301013770\u3011\u682a\u5f0f\u4f1a\u793e\u3000\u30b5\u30ab\u30bf\u306e\u30bf\u30cd \u5e73\u621025\u5e74\uff15\u6708\u671f\u3000\u7b2c\uff12\u56db\u534a\u671f\u6c7a\u7b97\u77ed\u4fe1\u3014\u65e5\u672c\u57fa\u6e96\u3015\uff08\u9023\u7d50\uff09", "tdnet_updated_date": "2013-01-15T15:00:00.000Z", "company_name": null, "ceo_name": null, "headquarters_address": null, "accounting_standard": null, "employee_num": null, "assets": 82395000000.0, "current_assets": 47362000000.0, "cash_and_deposits": 15543000000.0, "notes_accounts_receivable": 9881000000.0, "notes_receivable": null, "accounts_receivable": null, "inventories": null, "merchandise": 16241000000.0, "work_in_process": 1026000000.0, "raw_materials_and_supplies": 1940000000.0, "non_current_assets": 35033000000.0, "tangible_fixed_assets": 25658000000.0, "liabilities": 10678000000.0, "current_liabilities": 7050000000.0, "notes_accounts_payable": 2092000000.0, "accounts_payable": null, "notes_payable": null, "short_term_bonds_payable": null, "short_term_loans_payable": 614000000.0, "commercial_papers_liabilities": null, "current_lease_obligations": null, "current_portion_of_long_term_loans": null, "current_portion_of_bonds": null, "current_portion_of_convertible_bonds": null, "current_portion_of_bonds_with_subscription_rights": null, "non_current_liabilities": 3628000000.0, "bonds_payable": null, "convertible_bonds": null, "convertible_bond_type_bonds_with_subscription_rights": null, "non_current_bonds_with_subscription_right": null, "long_term_loans_payable": 907000000.0, "non_current_lease_obligations": null, "net_assets": 71717000000.0, "shareholders_equity": 77544000000.0, "capital_stock": 13500000000.0, "retained_earnings": 57689000000.0, "treasury_stock": -4468000000.0, "valuation_and_translation_adjustments": -5933000000.0, "non_controlling_interests": 106000000.0, "subscription_rights": null, "net_sales": 21637000000.0, "cost_of_sales": 10551000000.0, "gross_profit": 11085000000.0, "sga": 9764000000.0, "operating_income": 1320000000.0, "non_operating_income": 431000000.0, "non_operating_expenses": 39000000.0, "interest_expense": 24000000.0, "ordinary_income": 1713000000.0, "extraordinary_income": 615000000.0, "extraordinary_loss": 87000000.0, "impairment_loss": 54000000.0, "income_before_income_taxes": 2241000000.0, "income_taxes": 732000000.0, "net_income": 1499000000.0, "operating_cash_flow": 2985000000.0, "investment_cash_flow": -646000000.0, "financial_cash_flow": -776000000.0, "depreciation": 803000000.0, "amortization": null, "edinet_title": "\u3010E00006\u3011\u682a\u5f0f\u4f1a\u793e\u3000\u30b5\u30ab\u30bf\u306e\u30bf\u30cd \u56db\u534a\u671f\u5831\u544a\u66f8 \u2010 \u7b2c72\u671f \u7b2c2\u56db\u534a\u671f\uff08\u5e73\u621024\u5e749\u67081\u65e5 \u2010 \u5e73\u621024\u5e7411\u670830\u65e5\uff09", "edinet_updated_date": "2013-01-15T00:00:00.000Z", "end_date": "2012-10-13T15:00:00.000Z"}, {"issued_share_num": 48410750.0, "treasury_stock_num": null, "ex_net_sales": 52000000000.0, "ex_operating_income": 3300000000.0, "ex_ordinary_income": 3500000000.0, "ex_net_income": 2500000000.0, "ex_dividend": 20.0, "dividend": null, "fiscal_year": 2013.0, "fiscal_quarter": 2.0, "tdnet_title": "\u301013770\u3011\u682a\u5f0f\u4f1a\u793e\u3000\u30b5\u30ab\u30bf\u306e\u30bf\u30cd \u5e73\u621026\u5e745\u6708\u671f\u7b2c2\u56db\u534a\u671f\u6c7a\u7b97\u77ed\u4fe1\u3014\u65e5\u672c\u57fa\u6e96\u3015\uff08\u9023\u7d50\uff09", "tdnet_updated_date": "2014-01-14T15:00:00.000Z", "company_name": null, "ceo_name": null, "headquarters_address": null, "accounting_standard": null, "employee_num": null, "assets": 94051000000.0, "current_assets": 55882000000.0, "cash_and_deposits": 17984000000.0, "notes_accounts_receivable": 11179000000.0, "notes_receivable": null, "accounts_receivable": null, "inventories": null, "merchandise": 19259000000.0, "work_in_process": 1241000000.0, "raw_materials_and_supplies": 2379000000.0, "non_current_assets": 38169000000.0, "tangible_fixed_assets": 26851000000.0, "liabilities": 14370000000.0, "current_liabilities": 9884000000.0, "notes_accounts_payable": 2678000000.0, "accounts_payable": null, "notes_payable": null, "short_term_bonds_payable": null, "short_term_loans_payable": 2423000000.0, "commercial_papers_liabilities": null, "current_lease_obligations": null, "current_portion_of_long_term_loans": null, "current_portion_of_bonds": null, "current_portion_of_convertible_bonds": null, "current_portion_of_bonds_with_subscription_rights": null, "non_current_liabilities": 4486000000.0, "bonds_payable": null, "convertible_bonds": null, "convertible_bond_type_bonds_with_subscription_rights": null, "non_current_bonds_with_subscription_right": null, "long_term_loans_payable": 994000000.0, "non_current_lease_obligations": null, "net_assets": 79681000000.0, "shareholders_equity": 79525000000.0, "capital_stock": 13500000000.0, "retained_earnings": 59671000000.0, "treasury_stock": -4469000000.0, "valuation_and_translation_adjustments": 21000000.0, "non_controlling_interests": 134000000.0, "subscription_rights": null, "net_sales": 24278000000.0, "cost_of_sales": 11160000000.0, "gross_profit": 13117000000.0, "sga": 10938000000.0, "operating_income": 2179000000.0, "non_operating_income": 339000000.0, "non_operating_expenses": 179000000.0, "interest_expense": 36000000.0, "ordinary_income": 2339000000.0, "extraordinary_income": 74000000.0, "extraordinary_loss": 32000000.0, "impairment_loss": 32000000.0, "income_before_income_taxes": 2381000000.0, "income_taxes": 868000000.0, "net_income": 1508000000.0, "operating_cash_flow": 4646000000.0, "investment_cash_flow": -1859000000.0, "financial_cash_flow": 443000000.0, "depreciation": 881000000.0, "amortization": null, "edinet_title": "\u3010E00006\u3011\u682a\u5f0f\u4f1a\u793e\u3000\u30b5\u30ab\u30bf\u306e\u30bf\u30cd \u56db\u534a\u671f\u5831\u544a\u66f8\uff0d\u7b2c73\u671f\u7b2c2\u56db\u534a\u671f(\u5e73\u621025\u5e749\u67081\u65e5\uff0d\u5e73\u621025\u5e7411\u670830\u65e5)", "edinet_updated_date": "2014-01-14T00:00:00.000Z", "end_date": "2013-10-12T15:00:00.000Z"}, {"issued_share_num": 48410750.0, "treasury_stock_num": null, "ex_net_sales": 46000000000.0, "ex_operating_income": 2100000000.0, "ex_ordinary_income": 2200000000.0, "ex_net_income": 1000000000.0, "ex_dividend": 20.0, "dividend": null, "fiscal_year": 2011.0, "fiscal_quarter": 2.0, "tdnet_title": "\u301013770\u3011\u682a\u5f0f\u4f1a\u793e\u3000\u30b5\u30ab\u30bf\u306e\u30bf\u30cd \u5e73\u621024\u5e74\uff15\u6708\u671f\u3000\u7b2c\uff12\u56db\u534a\u671f\u6c7a\u7b97\u77ed\u4fe1\u3014\u65e5\u672c\u57fa\u6e96\u3015\uff08\u9023\u7d50\uff09", "tdnet_updated_date": "2012-01-13T15:00:00.000Z", "company_name": null, "ceo_name": null, "headquarters_address": null, "accounting_standard": null, "employee_num": null, "assets": 80503000000.0, "current_assets": 45617000000.0, "cash_and_deposits": 14918000000.0, "notes_accounts_receivable": 10032000000.0, "notes_receivable": null, "accounts_receivable": null, "inventories": null, "merchandise": 15083000000.0, "work_in_process": 902000000.0, "raw_materials_and_supplies": 1725000000.0, "non_current_assets": 34885000000.0, "tangible_fixed_assets": 25767000000.0, "liabilities": 11062000000.0, "current_liabilities": 8128000000.0, "notes_accounts_payable": 2316000000.0, "accounts_payable": null, "notes_payable": null, "short_term_bonds_payable": null, "short_term_loans_payable": 1547000000.0, "commercial_papers_liabilities": null, "current_lease_obligations": null, "current_portion_of_long_term_loans": null, "current_portion_of_bonds": null, "current_portion_of_convertible_bonds": null, "current_portion_of_bonds_with_subscription_rights": null, "non_current_liabilities": 2934000000.0, "bonds_payable": null, "convertible_bonds": null, "convertible_bond_type_bonds_with_subscription_rights": null, "non_current_bonds_with_subscription_right": null, "long_term_loans_payable": 133000000.0, "non_current_lease_obligations": null, "net_assets": 69441000000.0, "shareholders_equity": 75799000000.0, "capital_stock": 13500000000.0, "retained_earnings": 55942000000.0, "treasury_stock": -4466000000.0, "valuation_and_translation_adjustments": -6463000000.0, "non_controlling_interests": 105000000.0, "subscription_rights": null, "net_sales": 21412000000.0, "cost_of_sales": 10297000000.0, "gross_profit": 11114000000.0, "sga": 9522000000.0, "operating_income": 1592000000.0, "non_operating_income": 353000000.0, "non_operating_expenses": 302000000.0, "interest_expense": 30000000.0, "ordinary_income": 1642000000.0, "extraordinary_income": 7000000.0, "extraordinary_loss": 330000000.0, "impairment_loss": 91000000.0, "income_before_income_taxes": 1319000000.0, "income_taxes": 554000000.0, "net_income": 755000000.0, "operating_cash_flow": 3314000000.0, "investment_cash_flow": -744000000.0, "financial_cash_flow": -555000000.0, "depreciation": 749000000.0, "amortization": null, "edinet_title": "\u3010E00006\u3011\u682a\u5f0f\u4f1a\u793e\u3000\u30b5\u30ab\u30bf\u306e\u30bf\u30cd \u56db\u534a\u671f\u5831\u544a\u66f8 \u2010 \u7b2c71\u671f \u7b2c2\u56db\u534a\u671f\uff08\u5e73\u621023\u5e749\u67081\u65e5 \u2010 \u5e73\u621023\u5e7411\u670830\u65e5\uff09", "edinet_updated_date": "2012-01-13T00:00:00.000Z", "end_date": "2011-10-11T15:00:00.000Z"}, {"issued_share_num": 48410750.0, "treasury_stock_num": null, "ex_net_sales": 52000000000.0, "ex_operating_income": 3300000000.0, "ex_ordinary_income": 3500000000.0, "ex_net_income": 2500000000.0, "ex_dividend": 20.0, "dividend": null, "fiscal_year": 2013.0, "fiscal_quarter": 3.0, "tdnet_title": "\u301013770\u3011\u682a\u5f0f\u4f1a\u793e\u3000\u30b5\u30ab\u30bf\u306e\u30bf\u30cd \u5e73\u621026\u5e745\u6708\u671f\u7b2c\uff13\u56db\u534a\u671f\u6c7a\u7b97\u77ed\u4fe1\u3014\u65e5\u672c\u57fa\u6e96\u3015\uff08\u9023\u7d50\uff09", "tdnet_updated_date": "2014-04-11T15:00:00.000Z", "company_name": null, "ceo_name": null, "headquarters_address": null, "accounting_standard": null, "employee_num": null, "assets": 96644000000.0, "current_assets": 57392000000.0, "cash_and_deposits": 16417000000.0, "notes_accounts_receivable": 11993000000.0, "notes_receivable": null, "accounts_receivable": null, "inventories": null, "merchandise": 20472000000.0, "work_in_process": 1219000000.0, "raw_materials_and_supplies": 2587000000.0, "non_current_assets": 39252000000.0, "tangible_fixed_assets": 27552000000.0, "liabilities": 14901000000.0, "current_liabilities": 10302000000.0, "notes_accounts_payable": 2694000000.0, "accounts_payable": null, "notes_payable": null, "short_term_bonds_payable": null, "short_term_loans_payable": 2595000000.0, "commercial_papers_liabilities": null, "current_lease_obligations": null, "current_portion_of_long_term_loans": null, "current_portion_of_bonds": null, "current_portion_of_convertible_bonds": null, "current_portion_of_bonds_with_subscription_rights": null, "non_current_liabilities": 4599000000.0, "bonds_payable": null, "convertible_bonds": null, "convertible_bond_type_bonds_with_subscription_rights": null, "non_current_bonds_with_subscription_right": null, "long_term_loans_payable": 989000000.0, "non_current_lease_obligations": null, "net_assets": 81742000000.0, "shareholders_equity": 79823000000.0, "capital_stock": 13500000000.0, "retained_earnings": 59970000000.0, "treasury_stock": -4470000000.0, "valuation_and_translation_adjustments": 1787000000.0, "non_controlling_interests": 131000000.0, "subscription_rights": null, "net_sales": 37869000000.0, "cost_of_sales": 17505000000.0, "gross_profit": 20363000000.0, "sga": 17028000000.0, "operating_income": 3335000000.0, "non_operating_income": 487000000.0, "non_operating_expenses": 376000000.0, "interest_expense": 60000000.0, "ordinary_income": 3446000000.0, "extraordinary_income": 87000000.0, "extraordinary_loss": 45000000.0, "impairment_loss": 45000000.0, "income_before_income_taxes": 3488000000.0, "income_taxes": 1233000000.0, "net_income": 2256000000.0, "operating_cash_flow": null, "investment_cash_flow": null, "financial_cash_flow": null, "depreciation": null, "amortization": null, "edinet_title": "\u3010E00006\u3011\u682a\u5f0f\u4f1a\u793e\u3000\u30b5\u30ab\u30bf\u306e\u30bf\u30cd \u56db\u534a\u671f\u5831\u544a\u66f8\uff0d\u7b2c73\u671f\u7b2c3\u56db\u534a\u671f(\u5e73\u621025\u5e7412\u67081\u65e5\uff0d\u5e73\u621026\u5e742\u670828\u65e5)", "edinet_updated_date": "2014-04-14T00:00:00.000Z", "end_date": "2014-01-10T15:00:00.000Z"}, {"issued_share_num": 48410750.0, "treasury_stock_num": null, "ex_net_sales": 48500000000.0, "ex_operating_income": 1900000000.0, "ex_ordinary_income": 2500000000.0, "ex_net_income": 1900000000.0, "ex_dividend": 20.0, "dividend": null, "fiscal_year": 2012.0, "fiscal_quarter": 3.0, "tdnet_title": "\u301013770\u3011\u682a\u5f0f\u4f1a\u793e\u3000\u30b5\u30ab\u30bf\u306e\u30bf\u30cd \u5e73\u621025\u5e745\u6708\u671f \u7b2c3\u56db\u534a\u671f\u6c7a\u7b97\u77ed\u4fe1\u3014\u65e5\u672c\u57fa\u6e96\u3015\uff08\u9023\u7d50\uff09", "tdnet_updated_date": "2013-04-11T15:00:00.000Z", "company_name": null, "ceo_name": null, "headquarters_address": null, "accounting_standard": null, "employee_num": null, "assets": 87816000000.0, "current_assets": 51362000000.0, "cash_and_deposits": 15559000000.0, "notes_accounts_receivable": 10993000000.0, "notes_receivable": null, "accounts_receivable": null, "inventories": null, "merchandise": 18156000000.0, "work_in_process": 1200000000.0, "raw_materials_and_supplies": 2128000000.0, "non_current_assets": 36453000000.0, "tangible_fixed_assets": 26459000000.0, "liabilities": 12445000000.0, "current_liabilities": 8729000000.0, "notes_accounts_payable": 3292000000.0, "accounts_payable": null, "notes_payable": null, "short_term_bonds_payable": null, "short_term_loans_payable": 1130000000.0, "commercial_papers_liabilities": null, "current_lease_obligations": null, "current_portion_of_long_term_loans": null, "current_portion_of_bonds": null, "current_portion_of_convertible_bonds": null, "current_portion_of_bonds_with_subscription_rights": null, "non_current_liabilities": 3715000000.0, "bonds_payable": null, "convertible_bonds": null, "convertible_bond_type_bonds_with_subscription_rights": null, "non_current_bonds_with_subscription_right": null, "long_term_loans_payable": 909000000.0, "non_current_lease_obligations": null, "net_assets": 75370000000.0, "shareholders_equity": 78127000000.0, "capital_stock": 13500000000.0, "retained_earnings": 58272000000.0, "treasury_stock": -4468000000.0, "valuation_and_translation_adjustments": -2859000000.0, "non_controlling_interests": 103000000.0, "subscription_rights": null, "net_sales": 33691000000.0, "cost_of_sales": 16207000000.0, "gross_profit": 17483000000.0, "sga": 15549000000.0, "operating_income": 1933000000.0, "non_operating_income": 917000000.0, "non_operating_expenses": 63000000.0, "interest_expense": 39000000.0, "ordinary_income": 2787000000.0, "extraordinary_income": 796000000.0, "extraordinary_loss": 105000000.0, "impairment_loss": 80000000.0, "income_before_income_taxes": 3478000000.0, "income_taxes": 940000000.0, "net_income": 2532000000.0, "operating_cash_flow": null, "investment_cash_flow": null, "financial_cash_flow": null, "depreciation": null, "amortization": null, "edinet_title": "\u3010E00006\u3011\u682a\u5f0f\u4f1a\u793e\u3000\u30b5\u30ab\u30bf\u306e\u30bf\u30cd \u56db\u534a\u671f\u5831\u544a\u66f8 \u2010 \u7b2c72\u671f \u7b2c3\u56db\u534a\u671f\uff08\u5e73\u621024\u5e7412\u67081\u65e5 \u2010 \u5e73\u621025\u5e742\u670828\u65e5\uff09", "edinet_updated_date": "2013-04-12T00:00:00.000Z", "end_date": "2013-01-08T15:00:00.000Z"}, {"issued_share_num": 48410750.0, "treasury_stock_num": 0.0, "ex_net_sales": 54500000000.0, "ex_operating_income": 4000000000.0, "ex_ordinary_income": 4400000000.0, "ex_net_income": 3000000000.0, "ex_dividend": 20.0, "dividend": 20.0, "fiscal_year": 2013.0, "fiscal_quarter": 4.0, "tdnet_title": "\u301013770\u3011\u682a\u5f0f\u4f1a\u793e\u3000\u30b5\u30ab\u30bf\u306e\u30bf\u30cd \u5e73\u621026\u5e74\uff15\u6708\u671f\u3000\u6c7a\u7b97\u77ed\u4fe1\u3014\u65e5\u672c\u57fa\u6e96\u3015\uff08\u9023\u7d50\uff09", "tdnet_updated_date": "2014-07-11T15:00:00.000Z", "company_name": "\u682a\u5f0f\u4f1a\u793e\u3000\u30b5\u30ab\u30bf\u306e\u30bf\u30cd", "ceo_name": "\u4ee3\u8868\u53d6\u7de0\u5f79\u793e\u9577\u3000\u5742\u7530\u3000\u5b8f", "headquarters_address": "\u795e\u5948\u5ddd\u770c\u6a2a\u6d5c\u5e02\u90fd\u7b51\u533a\u4ef2\u753a\u53f0\u4e8c\u4e01\u76ee\uff17\u756a\uff11\u53f7", "accounting_standard": "Japan GAAP", "employee_num": 2038.0, "assets": 96414000000.0, "current_assets": 57146000000.0, "cash_and_deposits": 15324000000.0, "notes_accounts_receivable": 14092000000.0, "notes_receivable": null, "accounts_receivable": null, "inventories": null, "merchandise": 19922000000.0, "work_in_process": 1499000000.0, "raw_materials_and_supplies": 2443000000.0, "non_current_assets": 39268000000.0, "tangible_fixed_assets": 27528000000.0, "liabilities": 15014000000.0, "current_liabilities": 10326000000.0, "notes_accounts_payable": 3071000000.0, "accounts_payable": null, "notes_payable": null, "short_term_bonds_payable": null, "short_term_loans_payable": 2595000000.0, "commercial_papers_liabilities": null, "current_lease_obligations": null, "current_portion_of_long_term_loans": null, "current_portion_of_bonds": null, "current_portion_of_convertible_bonds": null, "current_portion_of_bonds_with_subscription_rights": null, "non_current_liabilities": 4687000000.0, "bonds_payable": null, "convertible_bonds": null, "convertible_bond_type_bonds_with_subscription_rights": null, "non_current_bonds_with_subscription_right": null, "long_term_loans_payable": 981000000.0, "non_current_lease_obligations": null, "net_assets": 81399000000.0, "shareholders_equity": 80247000000.0, "capital_stock": 13500000000.0, "retained_earnings": 60395000000.0, "treasury_stock": -4470000000.0, "valuation_and_translation_adjustments": 1021000000.0, "non_controlling_interests": 130000000.0, "subscription_rights": null, "net_sales": 53922000000.0, "cost_of_sales": 26661000000.0, "gross_profit": 27260000000.0, "sga": 23573000000.0, "operating_income": 3687000000.0, "non_operating_income": 621000000.0, "non_operating_expenses": 399000000.0, "interest_expense": 81000000.0, "ordinary_income": 3909000000.0, "extraordinary_income": 232000000.0, "extraordinary_loss": 146000000.0, "impairment_loss": 134000000.0, "income_before_income_taxes": 3996000000.0, "income_taxes": 1315000000.0, "net_income": 2681000000.0, "operating_cash_flow": 3552000000.0, "investment_cash_flow": -2018000000.0, "financial_cash_flow": 41000000.0, "depreciation": 1832000000.0, "amortization": null, "edinet_title": "\u3010E00006\u3011\u682a\u5f0f\u4f1a\u793e\u3000\u30b5\u30ab\u30bf\u306e\u30bf\u30cd \u6709\u4fa1\u8a3c\u5238\u5831\u544a\u66f8\uff0d\u7b2c73\u671f(\u5e73\u621025\u5e746\u67081\u65e5\uff0d\u5e73\u621026\u5e745\u670831\u65e5)", "edinet_updated_date": "2014-08-26T00:00:00.000Z", "end_date": "2014-05-31T00:00:00.000Z"}, {"issued_share_num": 48410750.0, "treasury_stock_num": null, "ex_net_sales": 46000000000.0, "ex_operating_income": 2100000000.0, "ex_ordinary_income": 2200000000.0, "ex_net_income": 1000000000.0, "ex_dividend": 20.0, "dividend": null, "fiscal_year": 2011.0, "fiscal_quarter": 3.0, "tdnet_title": "\u301013770\u3011\u682a\u5f0f\u4f1a\u793e\u3000\u30b5\u30ab\u30bf\u306e\u30bf\u30cd \u5e73\u621024\u5e74\uff15\u6708\u671f\u3000\u7b2c\uff13\u56db\u534a\u671f\u6c7a\u7b97\u77ed\u4fe1\u3014\u65e5\u672c\u57fa\u6e96\u3015\uff08\u9023\u7d50\uff09", "tdnet_updated_date": "2012-04-13T15:00:00.000Z", "company_name": null, "ceo_name": null, "headquarters_address": null, "accounting_standard": null, "employee_num": null, "assets": 81355000000.0, "current_assets": 46117000000.0, "cash_and_deposits": 14206000000.0, "notes_accounts_receivable": 10069000000.0, "notes_receivable": null, "accounts_receivable": null, "inventories": null, "merchandise": 15772000000.0, "work_in_process": 1123000000.0, "raw_materials_and_supplies": 1734000000.0, "non_current_assets": 35238000000.0, "tangible_fixed_assets": 25798000000.0, "liabilities": 11317000000.0, "current_liabilities": 8455000000.0, "notes_accounts_payable": 2557000000.0, "accounts_payable": null, "notes_payable": null, "short_term_bonds_payable": null, "short_term_loans_payable": 1666000000.0, "commercial_papers_liabilities": null, "current_lease_obligations": null, "current_portion_of_long_term_loans": null, "current_portion_of_bonds": null, "current_portion_of_convertible_bonds": null, "current_portion_of_bonds_with_subscription_rights": null, "non_current_liabilities": 2862000000.0, "bonds_payable": null, "convertible_bonds": null, "convertible_bond_type_bonds_with_subscription_rights": null, "non_current_bonds_with_subscription_right": null, "long_term_loans_payable": 133000000.0, "non_current_lease_obligations": null, "net_assets": 70038000000.0, "shareholders_equity": 76111000000.0, "capital_stock": 13500000000.0, "retained_earnings": 56255000000.0, "treasury_stock": -4467000000.0, "valuation_and_translation_adjustments": -6170000000.0, "non_controlling_interests": 97000000.0, "subscription_rights": null, "net_sales": 31710000000.0, "cost_of_sales": 14950000000.0, "gross_profit": 16760000000.0, "sga": 14163000000.0, "operating_income": 2597000000.0, "non_operating_income": 506000000.0, "non_operating_expenses": 230000000.0, "interest_expense": 46000000.0, "ordinary_income": 2872000000.0, "extraordinary_income": 14000000.0, "extraordinary_loss": 131000000.0, "impairment_loss": 91000000.0, "income_before_income_taxes": 2756000000.0, "income_taxes": 1236000000.0, "net_income": 1517000000.0, "operating_cash_flow": null, "investment_cash_flow": null, "financial_cash_flow": null, "depreciation": null, "amortization": null, "edinet_title": "\u3010E00006\u3011\u682a\u5f0f\u4f1a\u793e\u3000\u30b5\u30ab\u30bf\u306e\u30bf\u30cd \u56db\u534a\u671f\u5831\u544a\u66f8 \u2010 \u7b2c71\u671f \u7b2c3\u56db\u534a\u671f\uff08\u5e73\u621023\u5e7412\u67081\u65e5 \u2010 \u5e73\u621024\u5e742\u670829\u65e5\uff09", "edinet_updated_date": "2012-04-13T00:00:00.000Z", "end_date": "2012-01-10T15:00:00.000Z"}, {"issued_share_num": 48410750.0, "treasury_stock_num": null, "ex_net_sales": 48000000000.0, "ex_operating_income": 2700000000.0, "ex_ordinary_income": 3100000000.0, "ex_net_income": 2500000000.0, "ex_dividend": 20.0, "dividend": null, "fiscal_year": 2011.0, "fiscal_quarter": 4.0, "tdnet_title": "\u301013770\u3011\u682a\u5f0f\u4f1a\u793e\u3000\u30b5\u30ab\u30bf\u306e\u30bf\u30cd \u5e73\u621024\u5e74\uff15\u6708\u671f\u3000\u6c7a\u7b97\u77ed\u4fe1\u3014\u65e5\u672c\u57fa\u6e96\u3015\uff08\u9023\u7d50\uff09", "tdnet_updated_date": "2012-07-13T15:00:00.000Z", "company_name": null, "ceo_name": null, "headquarters_address": null, "accounting_standard": null, "employee_num": null, "assets": 83496000000.0, "current_assets": 48275000000.0, "cash_and_deposits": 13659000000.0, "notes_accounts_receivable": 12707000000.0, "notes_receivable": null, "accounts_receivable": null, "inventories": null, "merchandise": 16003000000.0, "work_in_process": 1137000000.0, "raw_materials_and_supplies": 1849000000.0, "non_current_assets": 35221000000.0, "tangible_fixed_assets": 26186000000.0, "liabilities": 12002000000.0, "current_liabilities": 9115000000.0, "notes_accounts_payable": 3154000000.0, "accounts_payable": null, "notes_payable": null, "short_term_bonds_payable": null, "short_term_loans_payable": 1700000000.0, "commercial_papers_liabilities": null, "current_lease_obligations": null, "current_portion_of_long_term_loans": null, "current_portion_of_bonds": null, "current_portion_of_convertible_bonds": null, "current_portion_of_bonds_with_subscription_rights": null, "non_current_liabilities": 2887000000.0, "bonds_payable": null, "convertible_bonds": null, "convertible_bond_type_bonds_with_subscription_rights": null, "non_current_bonds_with_subscription_right": null, "long_term_loans_payable": 125000000.0, "non_current_lease_obligations": null, "net_assets": 71494000000.0, "shareholders_equity": 76495000000.0, "capital_stock": 13500000000.0, "retained_earnings": 56640000000.0, "treasury_stock": -4467000000.0, "valuation_and_translation_adjustments": -5091000000.0, "non_controlling_interests": 89000000.0, "subscription_rights": null, "net_sales": 46988000000.0, "cost_of_sales": 23965000000.0, "gross_profit": 23023000000.0, "sga": 20460000000.0, "operating_income": 2562000000.0, "non_operating_income": 624000000.0, "non_operating_expenses": 288000000.0, "interest_expense": 60000000.0, "ordinary_income": 2899000000.0, "extraordinary_income": 15000000.0, "extraordinary_loss": 572000000.0, "impairment_loss": 142000000.0, "income_before_income_taxes": 2342000000.0, "income_taxes": 448000000.0, "net_income": 1902000000.0, "operating_cash_flow": 3020000000.0, "investment_cash_flow": -2592000000.0, "financial_cash_flow": -978000000.0, "depreciation": 1599000000.0, "amortization": null, "edinet_title": "\u3010E00006\u3011\u682a\u5f0f\u4f1a\u793e\u3000\u30b5\u30ab\u30bf\u306e\u30bf\u30cd \u6709\u4fa1\u8a3c\u5238\u5831\u544a\u66f8 \u2010 \u7b2c71\u671f\uff08\u5e73\u621023\u5e746\u67081\u65e5 \u2010 \u5e73\u621024\u5e745\u670831\u65e5\uff09", "edinet_updated_date": "2012-08-28T00:00:00.000Z", "end_date": "2012-05-26T15:00:00.000Z"}], "column_description": {"company_name": {"name_jp": "\u793e\u540d", "unit": "\u306a\u3057"}, "ceo_name": {"name_jp": "\u4ee3\u8868\u793e\u540d", "unit": "\u306a\u3057"}, "headquarters_address": {"name_jp": "\u6240\u5728\u5730", "unit": "\u306a\u3057"}, "accounting_standard": {"name_jp": "\u4f1a\u8a08\u57fa\u6e96", "unit": "\u306a\u3057"}, "issued_share_num": {"name_jp": "\u767a\u884c\u6e08\u682a\u5f0f\u7dcf\u6570", "unit": "\u682a"}, "employee_num": {"name_jp": "\u5f93\u696d\u54e1\u6570", "unit": "\u4eba"}, "assets": {"name_jp": "\u7dcf\u8cc7\u7523", "unit": "\u767e\u4e07\u5186"}, "current_assets": {"name_jp": "\u6d41\u52d5\u8cc7\u7523", "unit": "\u767e\u4e07\u5186"}, "cash_and_deposits": {"name_jp": "\u73fe\u9810\u91d1", "unit": "\u767e\u4e07\u5186"}, "notes_accounts_receivable": {"name_jp": "\u53d7\u53d6\u624b\u5f62\u53ca\u3073\u58f2\u639b\u91d1", "unit": "\u767e\u4e07\u5186"}, "notes_receivable": {"name_jp": "\u53d7\u53d6\u624b\u5f62", "unit": "\u767e\u4e07\u5186"}, "accounts_receivable": {"name_jp": "\u58f2\u639b\u91d1", "unit": "\u767e\u4e07\u5186"}, "inventories": {"name_jp": "\u5728\u5eab", "unit": "\u767e\u4e07\u5186"}, "merchandise": {"name_jp": "\u5546\u54c1", "unit": "\u767e\u4e07\u5186"}, "work_in_process": {"name_jp": "\u4ed5\u639b\u54c1", "unit": "\u767e\u4e07\u5186"}, "raw_materials_and_supplies": {"name_jp": "\u539f\u6750\u6599", "unit": "\u767e\u4e07\u5186"}, "non_current_assets": {"name_jp": "\u56fa\u5b9a\u8cc7\u7523", "unit": "\u767e\u4e07\u5186"}, "tangible_fixed_assets": {"name_jp": "\u6709\u5f62\u56fa\u5b9a\u8cc7\u7523", "unit": "\u767e\u4e07\u5186"}, "liabilities": {"name_jp": "\u8ca0\u50b5", "unit": "\u767e\u4e07\u5186"}, "current_liabilities": {"name_jp": "\u6d41\u52d5\u8ca0\u50b5", "unit": "\u767e\u4e07\u5186"}, "notes_accounts_payable": {"name_jp": "\u652f\u6255\u624b\u5f62\u53ca\u3073\u8cb7\u639b\u91d1", "unit": "\u767e\u4e07\u5186"}, "accounts_payable": {"name_jp": "\u8cb7\u639b\u91d1", "unit": "\u767e\u4e07\u5186"}, "notes_payable": {"name_jp": "\u652f\u6255\u624b\u5f62", "unit": "\u767e\u4e07\u5186"}, "short_term_bonds_payable": {"name_jp": "\u77ed\u671f\u793e\u50b5", "unit": "\u767e\u4e07\u5186"}, "short_term_loans_payable": {"name_jp": "\u77ed\u671f\u501f\u5165\u91d1", "unit": "\u767e\u4e07\u5186"}, "commercial_papers_liabilities": {"name_jp": "\u30b3\u30de\u30fc\u30b7\u30e3\u30eb\u30da\u30fc\u30d1\u30fc", "unit": "\u767e\u4e07\u5186"}, "current_lease_obligations": {"name_jp": "\u30ea\u30fc\u30b9\u50b5\u52d9\uff08\u6d41\u52d5\u8ca0\u50b5\uff09", "unit": "\u767e\u4e07\u5186"}, "current_portion_of_long_term_loans": {"name_jp": "1\u5e74\u4ee5\u5185\u8fd4\u6e08\u306e\u9577\u671f\u501f\u5165\u91d1", "unit": "\u767e\u4e07\u5186"}, "current_portion_of_bonds": {"name_jp": "1\u5e74\u4ee5\u5185\u8fd4\u6e08\u306e\u793e\u50b5", "unit": "\u767e\u4e07\u5186"}, "current_portion_of_convertible_bonds": {"name_jp": "1\u5e74\u4ee5\u5185\u8fd4\u6e08\u306e\u8ee2\u63db\u793e\u50b5", "unit": "\u767e\u4e07\u5186"}, "current_portion_of_bonds_with_subscription_rights": {"name_jp": "1\u5e74\u4ee5\u5185\u8fd4\u6e08\u306e\u65b0\u682a\u4e88\u7d04\u6a29\u4ed8\u793e\u50b5", "unit": "\u767e\u4e07\u5186"}, "non_current_liabilities": {"name_jp": "\u56fa\u5b9a\u8ca0\u50b5", "unit": "\u767e\u4e07\u5186"}, "bonds_payable": {"name_jp": "\u793e\u50b5", "unit": "\u767e\u4e07\u5186"}, "convertible_bonds": {"name_jp": "\u8ee2\u63db\u793e\u50b5", "unit": "\u767e\u4e07\u5186"}, "convertible_bond_type_bonds_with_subscription_rights": {"name_jp": "\u65b0\u682a\u4e88\u7d04\u6a29\u4ed8\u8ee2\u63db\u793e\u50b5", "unit": "\u767e\u4e07\u5186"}, "non_current_bonds_with_subscription_right": {"name_jp": "\u65b0\u682a\u4e88\u7d04\u6a29\u4ed8\u793e\u50b5", "unit": "\u767e\u4e07\u5186"}, "long_term_loans_payable": {"name_jp": "\u9577\u671f\u501f\u5165\u91d1", "unit": "\u767e\u4e07\u5186"}, "non_current_lease_obligations": {"name_jp": "\u30ea\u30fc\u30b9\u50b5\u52d9\uff08\u56fa\u5b9a\u8ca0\u50b5\uff09", "unit": "\u767e\u4e07\u5186"}, "net_assets": {"name_jp": "\u7d14\u8cc7\u7523", "unit": "\u767e\u4e07\u5186"}, "shareholders_equity": {"name_jp": "\u682a\u4e3b\u8cc7\u672c", "unit": "\u767e\u4e07\u5186"}, "capital_stock": {"name_jp": "\u8cc7\u672c\u91d1", "unit": "\u767e\u4e07\u5186"}, "retained_earnings": {"name_jp": "\u5229\u76ca\u5270\u4f59\u91d1", "unit": "\u767e\u4e07\u5186"}, "treasury_stock": {"name_jp": "\u81ea\u5df1\u682a\u5f0f", "unit": "\u767e\u4e07\u5186"}, "valuation_and_translation_adjustments": {"name_jp": "\u8a55\u4fa1\u63db\u7b97\u5dee\u984d\u7b49", "unit": "\u767e\u4e07\u5186"}, "non_controlling_interests": {"name_jp": "\u975e\u652f\u914d\u6301\u5206", "unit": "\u767e\u4e07\u5186"}, "subscription_rights": {"name_jp": "\u65b0\u682a\u4e88\u7d04\u6a29", "unit": "\u767e\u4e07\u5186"}, "net_sales_summary": {"name_jp": "\u58f2\u4e0a", "unit": "\u767e\u4e07\u5186"}, "net_sales": {"name_jp": "\u58f2\u4e0a", "unit": "\u767e\u4e07\u5186"}, "cost_of_sales": {"name_jp": "\u58f2\u4e0a\u539f\u4fa1", "unit": "\u767e\u4e07\u5186"}, "gross_profit": {"name_jp": "\u58f2\u4e0a\u9ad8\u7dcf\u5229\u76ca", "unit": "\u767e\u4e07\u5186"}, "sga": {"name_jp": "\u8ca9\u58f2\u8cbb\u304a\u3088\u3073\u4e00\u822c\u7ba1\u7406\u8cbb", "unit": "\u767e\u4e07\u5186"}, "operating_income": {"name_jp": "\u55b6\u696d\u5229\u76ca", "unit": "\u767e\u4e07\u5186"}, "non_operating_income": {"name_jp": "\u55b6\u696d\u5916\u5229\u76ca", "unit": "\u767e\u4e07\u5186"}, "non_operating_expenses": {"name_jp": "\u55b6\u696d\u5916\u640d\u5931", "unit": "\u767e\u4e07\u5186"}, "interest_expense": {"name_jp": "\u652f\u6255\u5229\u606f", "unit": "\u767e\u4e07\u5186"}, "ordinary_income": {"name_jp": "\u7d4c\u5e38\u5229\u76ca", "unit": "\u767e\u4e07\u5186"}, "extraordinary_income": {"name_jp": "\u7279\u5225\u5229\u76ca", "unit": "\u767e\u4e07\u5186"}, "extraordinary_loss": {"name_jp": "\u7279\u5225\u640d\u5931", "unit": "\u767e\u4e07\u5186"}, "impairment_loss": {"name_jp": "\u6e1b\u640d\u640d\u5931", "unit": "\u767e\u4e07\u5186"}, "income_before_income_taxes": {"name_jp": "\u7a0e\u5f15\u524d\u5f53\u671f\u7d14\u5229\u76ca", "unit": "\u767e\u4e07\u5186"}, "income_taxes": {"name_jp": "\u6cd5\u4eba\u7a0e\u7b49", "unit": "\u767e\u4e07\u5186"}, "net_income": {"name_jp": "\u5f53\u671f\u7d14\u5229\u76ca", "unit": "\u767e\u4e07\u5186"}, "operating_cash_flow": {"name_jp": "\u55b6\u696d\u30ad\u30e3\u30c3\u30b7\u30e5\u30d5\u30ed\u30fc", "unit": "\u767e\u4e07\u5186"}, "investment_cash_flow": {"name_jp": "\u6295\u8cc7\u30ad\u30e3\u30c3\u30b7\u30e5\u30d5\u30ed\u30fc", "unit": "\u767e\u4e07\u5186"}, "financial_cash_flow": {"name_jp": "\u8ca1\u52d9\u30ad\u30e3\u30c3\u30b7\u30e5\u30d5\u30ed\u30fc", "unit": "\u767e\u4e07\u5186"}, "depreciation": {"name_jp": "\u6e1b\u4fa1\u511f\u5374\u8cbb", "unit": "\u767e\u4e07\u5186"}, "amortization": {"name_jp": "\u306e\u308c\u3093\u511f\u5374\u8cbb", "unit": "\u767e\u4e07\u5186"}, "edinet_title": {"name_jp": "edinet\u958b\u793a\u8cc7\u6599\u540d", "unit": "\u306a\u3057"}, "edinet_updated_date": {"name_jp": "edinet\u767a\u884c\u65e5", "unit": "\u65e5\u4ed8"}, "end_date": {"name_jp": "\u6709\u4fa1\u8a3c\u5238\u5831\u544a\u66f8\u306e\u671f\u672b\u65e5", "unit": "end_date"}, "treasury_stock_num": {"name_jp": "\u81ea\u5df1\u682a\u6570", "unit": "\u682a"}, "ex_net_sales": {"name_jp": "\u58f2\u4e0a\uff08\u4f1a\u4e88\uff09", "unit": "\u767e\u4e07\u5186"}, "ex_operating_income": {"name_jp": "\u55b6\u696d\u5229\u76ca\uff08\u4f1a\u4e88\uff09", "unit": "\u767e\u4e07\u5186"}, "ex_ordinary_income": {"name_jp": "\u7d4c\u5e38\u5229\u76ca\uff08\u4f1a\u4e88\uff09", "unit": "\u767e\u4e07\u5186"}, "ex_net_income": {"name_jp": "\u5f53\u671f\u7d14\u5229\u76ca\uff08\u4f1a\u4e88\uff09", "unit": "\u767e\u4e07\u5186"}, "ex_dividend": {"name_jp": "\u914d\u5f53\u4e88\u60f3", "unit": "\u5186"}, "dividend": {"name_jp": "\u914d\u5f53\u91d1", "unit": "\u5186"}, "fiscal_year": {"name_jp": "\u4f1a\u8a08\u5e74\u5ea6", "unit": "\u5e74"}, "fiscal_quarter": {"name_jp": "\u56db\u534a\u671f", "unit": "\u306a\u3057"}, "tdnet_title": {"name_jp": "tdnet\u958b\u793a\u8cc7\u6599\u540d", "unit": "\u306a\u3057"}, "tdnet_updated_date": {"name_jp": "tdnet\u767a\u884c\u65e5", "unit": "\u306a\u3057"}}}